2856 4776
165 4218 180 4247 Ι

727 386 765 445 10

197 567 231 630 iu
254 563 350 632 πόλει
377 590 486 633 omnes
514 571 575 633 uisi
602 569 697 633 fallor
725 569 908 632 concedent.
937 607 979 615 -
1006 569 1075 631 Vox
1105 589 1187 651 quae
1209 569 1294 651 apud

195 670 385 753 Aeschylum
414 677 498 736 certe
529 678 561 735 et
587 672 722 736 fortasse
745 672 831 754 apud
854 676 984 734 cunctos
1006 671 1175 753 scriptores
1197 669 1295 733 Grae-

194 793 249 836 cos
277 773 326 836 sui
356 773 491 838 similem
519 797 582 839 non
610 775 708 839 habet
730 780 778 838 est
800 767 984 858 ἀντιπενθῆ
1006 773 1056 836 vel
1078 764 1251 858 ἀντιπαθῆ
1270 777 1293 850 ¹)

196 880 326 938 exstans
349 876 380 938 in
403 877 494 940 Eum.
519 881 579 940 782
605 882 637 940 et
661 881 738 956 8123
774 876 856 939 nihil
877 874 965 939 aliud
988 874 1167 956 significare
1190 879 1295 958 potest

196 977 258 1041 nisi
281 999 358 1059 „pro
381 999 459 1042 mea
473 979 602 1060 injuria,
626 984 663 1042 ut
684 999 861 1042 maerorem
883 975 932 1040 vel
955 976 1107 1058 injuriam
1130 981 1294 1058 acceptam

196 1079 332 1142 ulciscar
354 1072 427 1142 ἀντὶ
450 1077 605 1159 πένθους,
630 1073 703 1143 ἀντὶ
725 1077 891 1156 πάθονς.“
935 1080 1004 1143 Etsi
1034 1079 1112 1142 haec
1140 1077 1295 1142 vocabula

195 1181 280 1263 quod
310 1182 426 1245 attinet
454 1182 495 1244 ad
525 1184 784 1266 compositionem
806 1183 942 1247 conferri
964 1186 1097 1265 possunt
1119 1201 1192 1243 oum
1212 1180 1294 1243 raris

196 1282 260 1346 illis
281 1283 384 1347 verbis
407 1276 598 1370 ἅντίφερνος
612 1291 644 1349 et
659 1278 802 1372 ἆννήνωρ
824 1306 921 1368 supra
943 1283 1061 1361 allatis,
1085 1288 1192 1345 tamen
1208 1281 1294 1345 haud

195 1405 328 1468 parvum
351 1386 520 1450 discrimen
543 1387 722 1451 intercedit.
768 1388 835 1469 Ego
858 1388 896 1450 de
916 1387 977 1449 hac
999 1407 1033 1449 re
1048 1384 1225 1468 perdifficili
1248 1385 1294 1448 ni-

195 1486 241 1551 hil
263 1487 366 1550 ausim
376 1489 572 1567 decernere3
596 1511 660 1553 non
682 1510 761 1572 nego
783 1489 872 1551 illam
896 1489 958 1551 vim
981 1487 1085 1552 verbis
1106 1488 1209 1551 inesse
1224 1507 1295 1569 pos-

197 1609 245 1668 se;
284 1589 339 1653 sed
367 1611 471 1654 nonne
497 1591 577 1672 jam
594 1591 712 1674 duplex
734 1590 827 1654 lectio
850 1589 1062 1673 corruptionis
1085 1590 1294 1672 suspicionem

195 1692 322 1754 movet?
358 1691 460 1756 Locus
483 1693 516 1755 in
537 1693 623 1756 Pers.
648 1697 708 1757 437
733 1687 777 1768 ὡς
798 1691 905 1768 volgus
926 1688 981 1754 καὶ
1004 1688 1055 1767 δὶς
1075 1684 1296 1776 ἀντισηκῶσαι

197 1791 250 1871 (cf.
275 1792 331 1876 Ag.
357 1798 433 1869 574)
462 1797 565 1878 ῥοπῇ,
606 1794 660 1858 ubi
688 1794 792 1878 imago
815 1796 961 1858 desumta
984 1800 1032 1857 est
1054 1815 1073 1856 a
1096 1793 1241 1858 lancibus
1264 1798 1296 1856 et

195 1893 455 1982 roiudsxdativus
477 1896 683 1979 explicandus
705 1896 949 1980 praepositionis
972 1889 1046 1958 α’ντί
1066 1896 1295 1978 oppositionem

195 1996 367 2060 iudicantis
396 2004 541 2080 respectu
569 1998 698 2077 habitu,
735 2000 840 2062 minus
867 1998 1003 2062 difficilis
1033 2003 1081 2061 est
1108 1998 1149 2060 ad
1175 1997 1295 2080 perspi-

197 2096 352 2161 ciendum.
1086 2165 1088 2169 ,

281 2199 457 2281 Aeschylus
478 2199 527 2264 his
550 2202 732 2284 compositis
753 2202 950 2284 frequentius
972 2223 1048 2266 usus
1069 2204 1118 2263 est
1133 2219 1229 2281 quam
1241 2197 1295 2262 So-¹

195 2301 324 2384 phocles
347 2308 379 2365 et
401 2303 578 2386 Euripides.
625 2305 799 2387 Praecipue
814 2305 847 2368 id
863 2304 1075 2367 animadverti
1089 2301 1184 2365 velim
1200 2321 1295 2382 quam

196 2401 332 2466 libenter
360 2405 509 2467 sumserit
536 2405 690 2488 imagines
713 2427 732 2468 a
754 2406 853 2485 bello,
883 2405 1111 2469 certaminibus
1133 2408 1165 2466 et
1187 2401 1297 2464 litibus

196 2505 369 2587 repetitas,
408 2507 457 2570 oui
489 2507 594 2571 studio
624 2508 671 2570 vis
693 2508 935 2591 praepositionis
957 2499 1030 2570 ἄντί
1052 2504 1296 2589 repugnantiam

196 2605 246 2669 vel
269 2606 517 2672 vicissitudinem
543 2610 724 2674 denotantis
747 2632 822 2674 sane
846 2633 942 2694 quam
964 2609 1101 2674 favebat.

698 2913 800 2975 ΠΡΟ.

263 3129 289 3187 1.
337 3127 385 3186 Ile
405 3123 525 3204 formu.
558 3120 624 3207 πρό
647 3125 733 3208 apud
756 3125 948 3188 dramaticus
971 3124 1189 3208 temperiem,
1212 3125 1297 3206 apud

196 3226 387 3308 Aeschylum
410 3229 477 3290 sine
502 3226 568 3289 ulla
591 3228 775 3309 exceptione
793 3230 819 3304 2)
843 3234 879 3291 ut
901 3227 1009 3290 hiatus
1033 3228 1150 3289 vitetur
1164 3227 1197 3288 in
1213 3247 1295 3288 com-

196 3329 308 3413 positis
330 3329 411 3391 crasi
434 3329 584 3391 miscetur
607 3350 678 3392 cum
702 3327 717 3393 ε’
739 3335 772 3393 et
792 3321 827 3407 ὀ,
859 3335 895 3393 ut
921 3330 1040 3392 existat
1066 3326 1188 3409 syllaba
1210 3318 1296 3410 προῦ

197 3432 317 3516 (προνῖ
347 3429 386 3493 of.
410 3430 525 3494 Blomf.
556 3430 597 3494 ad
625 3431 729 3494 Prom.
754 3436 840 3510 219).
886 3431 936 3493 la
964 3432 996 3492 iu
1022 3451 1121 3493 uuum
1149 3429 1296 3494 coalescit

197 3555 268 3597 cum
291 3538 463 3616 augmento
479 3530 509 3596 e’:
535 3525 680 3618 apoddpc
694 3533 797 3596 Prom.
815 3539 891 3612 2473
915 3523 1168 3618 apohdmusv383
1193 3525 1296 3616 προῦ-

196 3631 390 3698 τεθεσνιίκέι
407 3638 485 3713 211;
510 3654 607 3717 quare
630 3634 828 3716 Hartungius
851 3635 886 3698 in
907 3635 984 3699 Cho.
1004 3640 1065 3699 170
1087 3635 1171 3699 male
1191 3634 1298 3718 posuit

269 3863 288 3928 ¹)
324 3864 464 3916 Mediceus
483 3862 540 3914 illic
557 3861 672 3927 praebet
690 3854 855 3928 ἀντιπενθῇ,
875 3857 920 3909 hic
938 3856 1087 3920 ἀντιπαθῆ.

267 3950 288 4018 ²)
326 3946 485 4019 ἀπρόοπτος
503 3949 603 4015 (Proin.
626 3943 702 4011 1074)
728 3945 852 3998 contrahi
878 3945 905 3997 in
925 3943 1086 4013 ἀπροῦπτος
1104 3962 1168 3997 usus
1188 3945 1297 4013 linguae

196 4056 249 4092 nou
269 4039 401 4110 permisit.
