2856 4776
693 393 734 458 09

249 584 278 643 3.
327 575 505 658 composita
533 596 604 640 eum
634 572 682 653 εἰς
714 596 796 661 quae
827 596 931 660 pauca
960 577 1046 660 apud
1073 576 1264 659 Aeschylum

163 680 313 764 leguntur
340 679 422 744 nihil
444 678 564 743 habent
586 680 670 761 quod
692 700 712 742 a
732 679 961 744 consuetudine
984 680 1104 767 usitata
1124 679 1261 743 recedat.

162 781 294 848 Ascribo
325 781 384 845 has
411 800 502 846 raras
531 800 637 845 voces:
675 774 869 863 εἰςαμείβειν
891 781 977 864 Sept.
1001 786 1063 845 558
1087 781 1263 860 „intrare“;

163 877 351 968 εἰςάφασμα
380 882 418 948 fr.
443 887 505 948 204
536 884 653 962 ‚uacuo
682 883 857 962 violenta“;
894 877 1130 968 εἰςανανκάζειν
1157 884 1261 947 Prcm.

162 989 234 1048 290.
278 985 348 1048 Hoc
372 989 541 1068 praeterea
568 986 735 1069 adjiciam,
764 1007 806 1053 ca
826 986 1001 1069 composita
1021 986 1055 1050 in
1078 986 1195 1068 quibus
1216 978 1264 1061 εἰς

161 1107 271 1151 revera
294 1086 427 1152 localem
448 1087 512 1152 vim
534 1087 632 1153 habet
658 1092 695 1151 ut
717 1088 760 1152 sit
781 1087 941 1167 ‚‚hinein“,
967 1094 999 1152 et
1020 1089 1193 1170 conjuncta
1214 1088 1262 1151 in-

160 1187 260 1252 veniri
287 1209 359 1253 omn
394 1189 461 1254 solo
498 1189 679 1254 accusativo
715 1188 806 1269 (Cho.
833 1195 872 1253 77
879 1210 886 1268 3
924 1189 1033 1273 Suppl.
1058 1193 1137 1268 4703
1175 1190 1261 1254 Pers.

160 1291 237 1368 8453
261 1290 366 1355 Prom.
387 1295 455 1369 122,
481 1295 576 1369 1002;
600 1290 688 1374 Sept.
705 1292 781 1374 454)
804 1297 837 1357 et
858 1313 930 1356 cum
952 1286 1000 1367 εἰς
1014 1313 1040 1356 c.
1058 1312 1122 1356 ace.
1139 1291 1260 1375 (Proin.

164 1395 274 1472 1074),
312 1392 360 1456 ita
388 1413 462 1457 vero
490 1398 528 1457 ut
555 1394 643 1476 prior
664 1395 748 1459 ratio
770 1394 863 1478 longe
886 1393 1083 1476 frequentior
1104 1394 1155 1457 sit.
1200 1394 1262 1457 Pro

160 1494 335 1576 composito
363 1495 524 1560 interdum
558 1497 725 1579 gravitatis
754 1517 852 1562 eausa
881 1497 1020 1579 positum
1049 1501 1098 1560 est
1125 1488 1204 1559 εἴσω
1234 1517 1260 1559 c.

161 1595 314 1679 simplici3
359 1596 398 1660 cf.
428 1590 620 1678 εἰςκομίζειν
655 1600 712 1683 Ag.
743 1605 802 1664 951
835 1605 868 1664 et
894 1595 959 1664 ἕσαν
987 1593 1131 1680 κομίζειν
1165 1602 1261 1676 1035,

161 1697 258 1763 etiam
280 1693 345 1763 ἕσαν
366 1702 433 1784 ῥεῖν
455 1701 541 1784 Sept.
567 1706 628 1765 557
639 1723 650 1780 ;,
683 1694 762 1765 εἴσω
784 1699 893 1787 φέρειν
915 1702 1000 1785 Sept.
1025 1705 1097 1764 560.
1141 1699 1262 1763 Rectis-
1315 1763 1317 1767 .

161 1800 238 1865 sime
261 1804 298 1864 ut
319 1803 513 1867 constructio
535 1824 608 1868 vere
631 1823 746 1886 graeca
775 1809 938 1867 crearetur
959 1803 1158 1885 Hartungius
1179 1802 1262 1865 Pau·

160 1902 219 1966 wic
249 1908 378 1968 anctore
407 1904 441 1968 in
470 1904 555 1969 Pers.
585 1910 646 1969 565
677 1905 804 1988 scripsit
831 1899 1037 1987 εἰςακούομεν
1064 1925 1122 1987 pro
1150 1897 1194 1978 ὡς
1221 1896 1261 1964 ἆ-

160 1999 297 2087 κούομεν
315 2010 351 2084 ¹).

163 2729 205 2806 ll.
256 2729 304 2806 lle
335 2723 654 2827 praepositionibus
686 2749 775 2823 qliae
807 2700 967 2823 genetivo
998 2729 1034 2800 et
1066 2710 1261 2802 accusativo

545 2903 547 2906 ι
614 2853 799 2931 alluatur.

632 3143 785 3206 KATA.

250 3342 275 3399 l.
309 3336 356 3400 De
383 3336 503 3413 forma.
550 3325 648 3397 κακαί
678 3335 765 3404 certo
795 3333 922 3394 constat
949 3329 983 3395 in
1012 3331 1115 3396 Prom.
1141 3335 1201 3394 359
1229 3331 1262 3394 in

162 3439 335 3522 composito
358 3431 565 3520 καταιβάτης.
611 3434 644 3499 Si
667 3437 753 3497 recte
776 3430 948 3510 observavi,
971 3432 1085 3514 tragici
1104 3432 1138 3496 in
1153 3432 1261 3496 trime-

162 3542 221 3605 tris
239 3539 387 3624 jambicis
408 3560 429 3599 α
450 3538 547 3602 finale
569 3536 841 3621 praepositionum
863 3528 946 3598 κατά
962 3540 995 3598 et
1008 3528 1099 3618 παρά
1120 3535 1153 3598 in
1178 3555 1261 3598 com·

161 3643 273 3727 positis
293 3663 357 3705 non
375 3639 498 3703 elidunt
519 3661 615 3723 quum
632 3638 795 3703 elisionem
811 3638 937 3720 saepius
953 3637 1097 3720 patiatur
1113 3658 1173 3700 vox
1190 3628 1261 3699 ἀνά.

162 3742 323 3825 κάτθανε,
354 3743 547 3820 κατθανεῖν,
578 3733 752 3805 κατθανών
775 3744 833 3803 etc.
872 3741 929 3824 Ag.
954 3743 1025 3819 873,
1052 3742 1142 3817 1290,
1171 3742 1261 3817 1303,

234 3959 254 4026 ¹)
290 3957 380 4011 Aliter
397 3954 482 4009 verba
499 3954 631 4008 tractavit
648 3953 806 4009 Diudorfius
824 3952 853 4004 in
870 3951 968 4005 Philol.
991 3951 1031 4019 13,
1050 3950 1102 4004 476
1126 3965 1261 4004 commen·

161 4049 230 4102 dans
248 4047 435 4116 conjecturam
453 4037 593 4095 αὐτόπουν
610 4036 753 4111 ἀκούομεν.
