2856 4776
735 375 776 439 64

203 564 328 642 partem
359 557 626 636 occidentatem“;
667 557 771 623 Prom.
796 562 856 622 845
885 555 919 634 ἐς
949 552 1067 622 ταύτὸν
1101 555 1210 624 ἐλθὼν
1239 563 1306 625 τῶν

203 656 309 728 πάλαι
331 655 434 743 λόγων
455 651 544 742 ἴμνος
573 648 642 739 ,μου
664 665 790 724 vertens
818 660 883 725 ad.
903 665 947 739 .“;
986 661 1063 725 Cho.
1089 666 1150 726 299
1183 658 1307 726 πολλοὶ

201 758 261 848 Λμιὶρ
290 755 337 837 εἰς
365 756 399 825 ἓν
429 757 666 843 συμπίτνουσιν
694 760 809 846 ἵμεροι.
861 763 950 841 Quae
972 762 1159 829 tralationes
1189 763 1305 829 facilli·

203 884 283 928 mae.
307 901 350 910 -

287 965 453 1034 Interdum
475 966 572 1028 etiam
592 986 664 1029 oum
679 966 783 1031 verbis
798 985 881 1048 quae
895 966 1022 1049 proprie
1038 965 1304 1050 significationem

203 1068 349 1132 movendi
371 1088 435 1130 non
458 1066 578 1130 habent
599 1068 803 1150 conjungitur
818 1061 873 1146 εἰς,
897 1087 979 1150 quae
995 1070 1188 1137 constructio
1204 1071 1305 1134 omni-

202 1170 261 1235 bus
290 1169 367 1233 locis
398 1168 513 1252 quibus
542 1167 582 1232 ab
607 1169 761 1252 Aeschylo
790 1169 973 1234 admittitur
994 1191 1096 1253 neque
1120 1170 1305 1239 offensionis
1412 1257 1415 1268 Ι

203 1272 378 1355 quidquam
401 1271 499 1337 habet
521 1277 553 1334 et
574 1272 758 1354 perspicuas
779 1271 934 1353 imagines
957 1269 1060 1336 efficit.
1115 1273 1247 1338 Minime
1270 1274 1304 1338 in

203 1375 356 1457 exemplis
383 1374 444 1437 huo
473 1373 706 1456 pertinentibus
736 1366 783 1451 εἷς
812 1373 933 1438 dictum
965 1379 1013 1438 est
1039 1395 1097 1457 pro
1121 1371 1155 1438 ἐν
1177 1376 1304 1440 etiamsi

203 1498 266 1541 non
297 1477 403 1544 minus
432 1480 554 1540 veteres
582 1495 679 1556 quam
702 1474 846 1539 homines
872 1475 957 1539 docti
981 1477 1097 1543 aetatis
1118 1478 1323 1543 recentioris

202 1579 409 1643 falsissimum
435 1576 495 1642 hoc
520 1576 677 1659 judicium
707 1576 860 1641 fecerunt.
913 1577 1044 1660 Semper
1075 1578 1242 1662 splendida
1271 1583 1337 1644 et‘

201 1681 327 1763 poetica
354 1677 559 1762 pulchritudo
589 1679 675 1760 apud
696 1679 887 1762 Aeschylum
911 1679 1045 1744 efficitur
1066 1681 1206 1751 admissa
1227 1701 1304 1746 voce

202 1776 250 1859 εἰς
280 1782 334 1851 ubi
368 1781 465 1845 etiam
497 1776 532 1844 ἐν
563 1781 669 1845 locum
700 1781 842 1847 invenire
874 1782 980 1864 potuit
1010 1788 1042 1847 et
1071 1782 1149 1850 alibi
1169 1784 1338 1870 invenit„

202 1885 288 1968 Sept.
312 1875 352 1949 43
386 1886 685 1968 ταυροσφαγοῦντες
706 1879 740 1959 ἐς
761 1878 958 1964 μελάνδετον
980 1878 1080 1960 σάκος
1113 1886 1179 1966 „ita
1207 1885 1304 1950 boves

202 1992 380 2050 mactantes
409 1992 446 2050 ut
475 1987 605 2069 sanguis
633 1981 787 2052 deflueret
816 1987 848 2058 in
872 1985 1052 2071 clypeum“;
1089 1987 1194 2050 Prom.
1221 1990 1303 2062 1078

202 2082 249 2164 εἰς
270 2080 454 2172 ἀπέραντον
475 2081 604 2150 δίκτυον
626 2079 705 2172 ότης
727 2083 1022 2174 ε’μπλεχθήσεσθε,
1061 2087 1115 2152 ubi
1146 2093 1232 2164 carte
1255 2081 1304 2165 εἷς

202 2189 337 2259 vividius
359 2189 463 2272 pingit
484 2189 629 2252 homines
649 2190 683 2256 in
706 2188 852 2253 miseriae
873 2190 1005 2273 laqueos
1027 2194 1190 2254 currentes
1205 2209 1304 2272 quam

194 2289 252 2372 'r‘v;
275 2293 360 2357 Pers
378 2295 438 2355 485
464 2289 683 2376 διεκπερῶμεν
706 2284 740 2366 ἔς
760 2314 796 2356 τε
815 2290 954 2357 Φωκέων
973 2286 1082 2371 χθόνα
1104 2287 1159 2355 καὶ
1182 2285 1307 2378 Δωρίδ’

201 2387 276 2460 αἶαν
313 2399 535 2475 „transeuntes
567 2393 769 2476 pervenimus
800 2394 858 2458 in.
877 2399 921 2474 .“;
959 2394 1054 2458 simili
1083 2393 1240 2459 brevitate
1270 2394 1304 2459 in
1352 2404 1354 2409 '

202 2498 287 2581 Sept.
318 2500 379 2560 856
409 2495 530 2560 dictum
560 2501 608 2559 est
635 2487 835 2576 ἀμείβεσθαι
863 2491 1029 2560 πάνδοκον
1058 2489 1105 2575 εἰς
1131 2489 1240 2583 deperi}
1269 2518 1307 2560 τε

199 2597 314 2685 χέρσον
337 2620 394 2682 pro
417 2589 640 2680 ἀμειβόμενον
653 2597 766 2678 μολεῖν
788 2591 856 2678 εἰς,·
892 2598 995 2661 Prom.
1021 2602 1079 2661 361
1105 2594 1224 2683 φρένας
1245 2593 1305 2686 γὰρ

201 2695 249 2777 εἷς
270 2691 370 2776 αότδις
392 2694 516 2777 τυπείς,
540 2698 662 2763 fulmen
683 2700 767 2765 enim
791 2701 824 2766 in
846 2700 950 2782 ipsum
972 2699 1136 2768 cerebrum
1157 2705 1305 2782 penetra·

201 2809 305 2881 verat3
328 2821 445 2885 magna
466 2801 624 2870 brevitate
644 2802 678 2865 in
702 2801 787 2886 Sept.
810 2807 850 2866 49
874 2801 1013 2885 positum
1035 2807 1084 2866 est
1105 2797 1245 2887 μνημεῖά
1266 2795 1305 2864 θ’

202 2899 308 2970 αὑτῶν
329 2905 400 2978 τοῖς
421 2906 570 2967 τεκοῦσιν
592 2899 625 2979 ἐς
648 2897 767 2984 δόμους
794 2899 879 2989 πρὸς
900 2896 973 2989 δι’ρμ)
989 2896 1171 2989 Ἀδράστου
1192 2900 1303 2990 χερσὶν

201 3002 356 3093 ἔστεφον,
381 3005 437 3070 ubi
459 3002 492 3082 ἐς
514 3006 612 3073 totius
634 3005 796 3069 enunciati
819 3006 882 3069 vim
904 3007 937 3069 in
960 3027 992 3070 se
1015 3007 1172 3071 continet:
1199 3007 1305 3087 „dona
1360 3061 1367 3070 ,

87 3149 96 3158 s
202 3131 284 3194 qnae
307 3108 465 3174 mittenda
488 3113 581 3172 erant
603 3107 635 3172 in
658 3108 777 3187 domos,
800 3127 882 3190 quae
905 3107 1066 3177 destinata
1088 3116 1181 3173 erant
1203 3109 1305 3173 domi·

201 3213 260 3284 bus
289 3215 489 3295 parentum.“
543 3209 605 3275 Sed
635 3215 731 3293 poeta
760 3211 814 3292 qui
842 3209 903 3276 hac
930 3211 963 3273 in
996 3230 1030 3274 re
1060 3217 1209 3276 constans
1238 3232 1304 3277 non

202 3320 250 3379 est
281 3333 384 3396 neque
415 3332 482 3376 esse
512 3311 634 3394 potuit,
672 3312 770 3377 etiam
797 3307 831 3375 ἐν
853 3312 983 3377 admisit
1004 3311 1053 3376 vel
1076 3313 1177 3379 nudos
1199 3334 1301 3385 casus..

202 3417 307 3495 Quum
337 3415 435 3497 igitur
460 3415 495 3478 in
520 3410 626 3478 Prom.
652 3416 730 3492 228,
764 3413 856 3477 Eum.
882 3417 921 3476 29
951 3413 1094 3496 legamus
1121 3410 1155 3490 ἐς
1181 3409 1303 3499 θρόνον

200 3516 421 3596 καθέζεσθαι,
445 3515 586 3586 invenies
607 3515 640 3577 in
662 3513 771 3598 Suppl.
798 3519 858 3583 223
881 3511 915 3582 ἐν
936 3509 1022 3600 όγνῴ
1045 3514 1159 3598 ἵζεσθε
1166 3542 1178 3596 ,·
1208 3516 1301 3581 Eum.

204 3624 243 3683 18
264 3617 325 3698 ἵζει
347 3615 381 3682 ἐν
403 3611 554 3703 θρόνοις,
589 3637 687 3700 quum
709 3615 766 3699 Ag.
791 3621 851 3680 983
874 3616 936 3697 ἵζει
957 3613 1080 3703 θρόνον
1103 3617 1188 3682 solus
1210 3638 1303 3682 accu-

111 3701 122 3714 ⁸
201 3721 322 3786 sativos
344 3722 386 3785 sit
409 3720 541 3803 positus.
587 3719 625 3783 In
648 3719 751 3781 Prom.
776 3722 838 3782 348
861 3719 923 3804 legi
946 3720 1041 3784 velim
1063 3713 1128 3796 όςτ’
1144 3717 1177 3796 ἒς
1199 3714 1303 3785 ἑσπέ-

201 3846 275 3911 ρους
297 3817 438 3901 τόπους,
477 3842 559 3904 quae
581 3820 711 3904 scriptio
734 3819 835 3883 multo
857 3819 982 3887 facilior
1004 3822 1032 3886 si
1053 3821 1232 3888 Mediceum
1254 3842 1303 3888 re-

202 3927 367 4008 spicimus,
396 3943 493 4006 quam
520 3911 557 3998 ὃς
582 3918 667 4008 πρὸς
683 3970 690 3985 .
708 3971 732 4002 .,
769 3921 880 3986 eodem
902 3944 996 3989 sensu
1019 3930 1075 3988 est.
1121 3924 1206 3990 Num
1227 3944 1304 3991 vcro

201 4026 236 4090 in
261 4029 362 4092 Prom.
381 4029 453 4106 558,
475 4024 530 4090 ubi
551 4025 646 4090 metri
667 4045 764 4090 causa
786 4025 922 4091 mutatio
943 4026 1123 4091 necessaria
1145 4033 1207 4106 est,
1229 4046 1303 4110 pro
