2856 4776
692 390 731 454 61

163 575 240 640 cho.
265 579 336 655 553,
361 581 433 653 919,
457 579 537 653 9213
566 567 646 637 εἴσω
668 573 755 656 Sept.
779 576 850 636 too.
896 572 1004 639 codex
1027 572 1060 639 in
1082 572 1193 655 quinto
1216 593 1264 638 se-

162 677 243 744 narii
266 677 346 759 pede
368 678 501 761 praebet
522 670 601 740 εἴσω
624 677 710 760 Sept.
735 679 812 753 232,
849 680 946 757 atque
969 676 1126 758 inprime
1149 675 1188 756 (F
1189 675 1264 758 lor.)
1324 681 1328 688 '

161 781 219 862 Ag.
254 784 352 858 10353
389 779 623 844 restituendum
656 785 705 843 est
736 771 815 842 εἴσω
849 776 934 860 sept.
965 780 1043 855 5573
1079 778 1137 859 Ag.
1165 781 1263 856 10523

163 880 240 946 Cho.
266 885 338 946 849.

248 987 277 1048 2.
300 985 352 1046 De
372 980 611 1066 siqusflcats'oue.
649 982 686 1066 a)
708 980 905 1064 Praepositio
927 974 975 1056 εἰς
997 980 1096 1063 longe
1118 980 1264 1063 plurimis

162 1084 240 1150 locis
262 1084 302 1150 ab
325 1085 479 1167 Aeschylo
502 1087 549 1150 ite
572 1090 728 1168 usurpata
749 1089 849 1147 estut
864 1083 969 1149 locum
984 1083 1102 1146 indicet
1120 1083 1265 1165 inquom

162 1194 268 1252 motus
289 1187 339 1252 vel
362 1188 447 1252 actio
470 1189 633 1270 dirigitur3
665 1186 824 1269 (opposita
846 1186 944 1268 igitur
966 1190 1015 1248 est
1035 1185 1264 1267 praepositioni

164 1285 223 1365 ἐκ).
247 1290 381 1371 ltaque
404 1289 555 1354 describit
578 1288 734 1377 ejusmodi
756 1289 1016 1368 notionemque
1038 1286 1126 1351 locus
1148 1285 1264 1369 aliquis

164 1392 214 1455 vel
236 1393 374 1474 spatium
395 1391 542 1471 intretur,
566 1391 616 1455 vel
638 1390 759 1473 aliquid
782 1390 890 1472 aliquo
913 1389 1123 1466 contineatur,
1145 1389 1180 1457 in
1202 1409 1264 1471 quo

164 1514 223 1556 usu
253 1495 418 1558 notissimo
447 1492 621 1575 Aeschylus
649 1514 670 1558 a
697 1492 749 1555 via
777 1491 856 1556 trita
883 1491 1011 1561 omnino
1040 1511 1104 1555 non
1132 1490 1263 1557 recedit.

163 1595 384 1681 Adjungemus
406 1596 456 1659 his
479 1595 631 1679 exemplis
655 1615 707 1674 ea,
740 1593 855 1677 quibus
882 1586 952 1672 ,εἰς
974 1586 1088 1670 πόλιν,
1126 1584 1173 1669 εἰς
1195 1594 1263 1678 γῆν,

163 1695 223 1760 hoc
247 1697 376 1778 quidem
399 1698 528 1761 nomine
552 1706 681 1772 terrum,
706 1718 768 1760 non
791 1695 889 1761 solum
912 1692 1112 1778 significante
1135 1695 1265 1778 ponitur

162 1820 219 1881 pro
243 1794 327 1884 πρὸς
348 1794 461 1881 πόλιν,
485 1795 570 1884 πρὸς
591 1803 668 1885 γῆν,
704 1799 886 1881 cogitantur
908 1797 992 1862 enim
1015 1796 1148 1865 introire
1171 1796 1264 1859 adve-

162 1902 302 1981 nientes3
325 1922 383 1965 nec
405 1901 510 1965 minus
532 1901 708 1965 locutiones
730 1921 806 1968 usus
826 1899 938 1965 tralati
960 1898 1076 1981 quihus
1098 1898 1195 1981 spatii
1216 1897 1278 1962 in?

163 2003 272 2067 trondi
302 2003 411 2068 subest
437 2004 547 2082 notio,
583 2008 620 2067 ut
647 2003 675 2066 si
699 1995 752 2077 τῖς
777 1992 868 2065 οἶκον
891 2021 914 2064 s.
939 1994 986 2076 εἰς
1007 1993 1117 2076 οἴκους
1138 2000 1263 2064 domum

163 2103 352 2187 significat.“
392 2094 500 2171 Prom.
521 2109 582 2184 1,2
603 2099 726 2184 χθονὸς
747 2099 807 2185 μὲν
829 2100 862 2180 ἒς
884 2097 1038 2189 τηλουρὸν
1059 2097 1178 2190 ἥκομεν
1200 2100 1264 2167 πό

162 2205 234 2287 δον,
258 2202 390 2293 Σκύθην
412 2203 446 2284 ἐς
468 2198 577 2289 οἶμον,
607 2198 746 2292 όβροτον
769 2200 816 2282 εἰς
837 2200 971 2291 ἐρημίαν
991 2209 1035 2285 1)‚·
1074 2210 1132 2269 153
1156 2198 1203 2281 εἰς
1225 2197 1264 2268 α’-

160 2308 323 2395 πέραντον
347 2305 512 2396 Τάρταρον
534 2298 627 2395 {uem
667 2312 725 2372 301
754 2304 813 2394 τὴν
835 2304 1074 2395 σιδηρομήτορα
1097 2303 1210 2376 sturio
1231 2304 1265 2383 ἐς

160 2401 255 2491 αἶαν,
301 2417 383 2476 1050
412 2409 446 2488 ἐς
473 2409 620 2476 κελαινόν
650 2405 815 2496 Τάρταρον
844 2404 975 2496 ῥίψεως
1021 2414 1081 2475 387
1114 2405 1147 2485 ἐς
1175 2400 1265 2473 οἶκον

161 2512 305 2594 θυέλλαις
328 2518 390 2578 646
414 2508 621 2594 πωλεύμεναι
636 2509 670 2588 ἐς
685 2515 901 2598 παρθενῶνας
915 2508 991 2592 τοὺς
1012 2507 1111 2593 ἐμοός
1132 2511 1187 2593 (cf.
1205 2511 1263 2576 OA
1322 2530 1328 2536 ·

162 2621 191 2697 2,
216 2622 272 2696 55;
313 2622 361 2695 17,
387 2621 480 2696 534);
519 2620 581 2680 658
609 2611 642 2691 ἒς
663 2610 773 2680 Πυθὼ
800 2609 1016 2699 θεοπρόπους
1038 2606 1167 2693 ἴαλλεν,
1203 2618 1264 2681 813

161 2707 256 2794 οὗτος
278 2712 308 2783 o'
329 2712 448 2783 ὁδώσει
469 2713 527 2804 τὴν
549 2711 703 2802 τρίγωνον
725 2714 759 2794 ἐς
778 2713 901 2796 χθόνας
919 2720 1008 2794 ,1028
1024 2709 1072 2792 εἰς
1085 2709 1264 2801 ἀναύγητον

161 2821 274 2901 μολεῖν
287 2815 400 2907 Ἅιδην
407 2848 418 2901 ,·
439 2821 524 2885 Pers.
551 2825 569 2884 2
592 2815 768 2902 οἰχομένων
787 2810 914 2886 Ἑλλάδ’
936 2814 970 2895 ἐς
991 2809 1086 2900 αἶανς
1109 2823 1172 2885 230
1198 2807 1262 2885 εὖτ’

170 2956 372 2967 --—.—.

236 3010 255 3075 ¹)
290 3009 375 3063 Poeta
400 3009 507 3078 saepius
533 3009 643 3078 quidem
669 3010 742 3078 apud
765 3009 967 3079 appositionem
984 3010 1068 3063 iteret
1086 3010 1265 3079 praepositio·

168 3110 216 3146 nes
235 3093 269 3148 of.
288 3094 353 3148 Cho.
371 3097 413 3164 90,
433 3098 480 3151 sed
497 3096 559 3165 loci,
579 3097 677 3164 quibus
695 3097 748 3149 hoc
767 3095 897 3165 neglexit,
916 3096 1003 3149 multo
1022 3098 1114 3166 plures
1133 3102 1211 3166 sunt;
1230 3097 1265 3152 cf.

164 3179 237 3250 Sept.
257 3183 305 3234 241
333 3178 410 3232 τόνδ’
429 3181 455 3241 ἐς
473 3179 653 3255 ἀκρόπτολιν,
678 3185 772 3253 τίμιον
791 3181 865 3244 ἕδος,
892 3179 1009 3253 ἱκόμαν,
1039 3186 1104 3252 540;
1133 3185 1185 3253 Ag.
1204 3185 1265 3253 309,

162 3269 227 3336 340;
247 3268 311 3323 Cho.
325 3271 374 3322 561
390 3275 442 3326 eto.
460 3273 496 3342 (v.
515 3273 549 3326 de
568 3271 714 3326 omissione
733 3275 761 3324 et
778 3271 943 3340 repetitione
960 3271 1172 3340 praepositionis
1191 3273 1266 3341 apud

163 3358 280 3423 apposit.
299 3357 401 3428 Krueg.
419 3360 441 3413 1.
461 3359 503 3427 57,
523 3363 547 3427 9,
566 3361 582 3410 2
598 3363 626 3412 et
646 3360 686 3425 10,
704 3360 730 3412 4.
766 3359 860 3413 Alium
884 3359 976 3413 locum
998 3375 1052 3428 quo
1069 3360 1143 3413 hunc
1160 3361 1190 3414 in
1208 3376 1265 3413 mo·

164 3441 229 3494 dum
247 3445 416 3511 praepositio
433 3447 475 3500 bis
494 3447 531 3500 sit
542 3447 634 3516 posite
646 3445 720 3515 apud
732 3447 898 3514 Aeschylum
909 3463 965 3502 non
978 3447 1085 3516 inveni3
1105 3447 1179 3516 quod
1190 3447 1265 3517 Sept.

165 3529 215 3580 957
235 3529 264 3581 in
282 3533 427 3586 enunciato
445 3534 561 3588 relativo
579 3534 747 3602 praepositio
765 3535 890 3603 iteretur,
911 3551 1022 3603 prorsus
1043 3552 1077 3589 ex
1094 3535 1192 3604 regulo
1210 3540 1264 3604 est3

163 3617 199 3670 of.
218 3616 320 3685 Krueg.
339 3618 357 3670 l.
376 3620 418 3687 51,
440 3620 479 3688 11,
503 3620 545 3688 1.).
564 3649 598 3661 -
626 3621 688 3675 Nou
706 3622 797 3675 minus
815 3639 896 3691 scope
914 3639 997 3690 quum
1014 3625 1053 3680 sir
1071 3639 1095 3676 c.
1115 3639 1172 3678 acc.
1192 3623 1265 3692 apud
1297 3686 1300 3688 v

162 3705 275 3759 nomine
300 3705 424 3775 urbium,
453 3710 600 3777 terrerum,
621 3709 752 3770 ,locorum
776 3709 860 3763 etiem
882 3711 973 3764 nudus
997 3711 1170 3765 accusativus
1192 3710 1266 3778 apud

163 3793 330 3862 Aeschylum
354 3792 470 3862 legitur3
502 3794 537 3848 cf.
556 3795 629 3849 Pers.
654 3797 713 3863 809,
739 3795 807 3865 736;
839 3797 889 3867 Ag.
908 3799 973 3867 968;
1005 3798 1099 3866 Suppl.
1119 3799 1178 3867 238,
1199 3797 1264 3867 768;

162 3879 255 3935 Prom.
274 3880 333 3949 709,
353 3880 418 3949 717,
449 3881 524 3935 Pers.
545 3884 591 3952 153
621 3883 715 3952 Suppl.
736 3885 779 3954 20,
802 3884 867 3952 608,
887 3887 938 3936 955
957 3889 1009 3940 etc.
1045 3886 1173 3939 uetiam
1191 3884 1265 3938 Wel·

162 3968 250 4022 leucri
269 3969 322 4023 lex,
340 3986 361 4022 s.
381 3986 423 4024 vv.
441 3964 538 4040 δόμος,
557 3968 653 4033 πέδον,
678 3974 724 4040 γῆ,
742 3967 876 4040 πόταμος,
895 3967 983 4035 πόλις,
1006 3968 1083 4034 ἄστυ,
1101 3968 1177 4037 ἥκειν
1196 3976 1263 4040 etc.;

163 4055 197 4109 cf.
215 4060 358 4124 praeterea
376 4052 512 4110 πόντονδε
529 4058 622 4128 Suppl.
641 4059 690 4127 333
711 4057 805 4111 οἴκαδε
821 4059 873 4128 Ag.
894 4059 971 4129 1337,
987 4059 1071 4115 πέδοι
1089 4063 1141 4116 etc.
1213 4068 1223 4085 “·
