2856 4776
693 399 733 460 67

159 580 357 666 δεικνύμενα.
396 583 569 666 Aptissimo
593 603 686 648 sensu
709 585 785 645 sunt
805 581 903 646 verba
922 602 1004 664 quae
1019 583 1169 664 leguntur
1184 583 1262 648 Cho.

160 690 223 751 240
251 683 290 750 τὸ
319 682 439 772 μητρὸς
468 683 501 761 ἐς
524 683 562 748 σε’
582 706 640 766 μοι
662 683 756 770 ῥέπει
779 681 997 770 οτέργηθρονς
1034 685 1263 768 significatione

160 788 314 869 ampliore
343 793 376 850 et
402 787 541 871 generali
570 787 687 850 dieitur
718 787 804 869 Sept.
832 791 914 851 1050
941 781 988 862 εἷς
1016 781 1165 864 ἅπαντας
1196 783 1264 851 τόδ

161 885 252 973 ἔργον
274 878 313 974 ἦν
337 889 536 971 „pertinebat
557 889 597 952 ad
622 892 762 952 omnes“.
807 889 865 970 Ag.
890 892 951 952 384
974 881 1012 951 οὔ
1034 884 1094 975 γὰρ
1117 885 1206 954 ἔστιν
1229 885 1262 953 ἔ-

162 991 280 1070 παλξις
310 986 455 1054 πλούτου
484 985 675 1054 λακτίσαντι
703 990 804 1073 μέγαν
827 985 935 1067 Δίκας
961 988 1073 1072 βωμὸν
1104 987 1151 1068 εἰς
1173 985 1262 1078 olord-

161 1115 261 1169 νειαν,
300 1112 362 1173 quo
392 1093 460 1157 loco
488 1086 536 1168 εἰς
562 1085 659 1178 ἄφάν.
684 1093 940 1175 conjungendum
963 1099 1011 1156 est
1032 1114 1104 1157 oum
1128 1089 1265 1174 ἔπαλξις

162 1193 283 1274 „tutela
306 1198 418 1258 contra
440 1196 641 1272 interitum“;
680 1193 826 1258 liberiore
854 1194 947 1258 modo
977 1201 1073 1277 poeta
1103 1197 1150 1259 ita
1173 1196 1263 1274 dixit,

160 1296 199 1358 iis
221 1294 334 1374 uerbis,
358 1298 391 1360 in
414 1297 529 1378 quibus
550 1296 650 1359 totius
671 1297 832 1360 enunciati
854 1296 901 1358 vis
920 1297 1016 1379 jacet,
1038 1298 1072 1360 in
1095 1297 1165 1362 fine
1180 1298 1263 1381 posi·
1290 1299 1295 1308 '
1347 1375 1350 1380 Ι

161 1397 218 1475 1ίο;
256 1417 338 1480 quae
366 1396 535 1462 falsissime
563 1398 753 1462 Karstenius
781 1399 952 1480 explicavit
979 1399 1033 1480 qui
1063 1400 1112 1463 vel
1133 1421 1170 1464 eo
1192 1421 1264 1483 pro-

160 1500 304 1582 greditur
331 1506 369 1563 ut
397 1494 445 1576 εἰς
475 1506 626 1580 „oontra“
657 1498 836 1582 significare
864 1520 956 1582 posse
987 1507 1082 1583 neget
1100 1504 1135 1583 1).
1158 1540 1201 1550 -
1237 1503 1263 1577 ll

161 1600 251 1678 Quod
273 1603 390 1666 attinet
413 1602 455 1666 ad
477 1622 570 1666 usum
593 1601 801 1685 temporalem
824 1595 872 1677 εἰς
894 1621 957 1664 non
981 1603 1075 1667 modo
1106 1604 1265 1687 significat

161 1723 281 1784 „usque
302 1704 363 1767 arl‘
385 1703 539 1786 temporis
561 1702 658 1766 finem
681 1704 840 1780 indicans,
872 1703 926 1766 sed
950 1705 1048 1767 etiam
1078 1726 1169 1787 „pem
1199 1707 1262 1784 in“,

160 1811 197 1868 ut
218 1811 322 1868 totum
343 1810 469 1887 tempus
491 1805 695 1886 interjectum
717 1805 767 1867 vel
788 1804 932 1868 futurum
962 1805 1130 1870 describat.
1176 1807 1264 1871 Prio-

160 1928 228 1970 rem
257 1906 472 1991 signifioatum
504 1905 658 1990 praebent
687 1904 750 1968 looi
779 1903 865 1988 Sept.
890 1909 927 1968 21
958 1910 1013 1970 νῦν
1043 1906 1103 1987 μὲν
1132 1905 1166 1984 ἐς
1196 1902 1266 1971 τόδ’

160 1998 263 2094 ripum,-
294 2015 356 2072 744
388 2001 492 2071 αἰῶνα
520 2000 547 2070 δ’
577 2003 610 2082 ἐς
625 2001 748 2093 ,τρίτον
774 2005 880 2088 μένεις
914 2007 990 2072 Cho.
1016 2013 1075 2072 612
1101 2007 1170 2073 6ιαὶ
1190 2005 1265 2092 βίον

161 2107 393 2196 μοιρόκραντον
416 2108 449 2188 ἐς
471 2100 575 2196 ἆμαρ)
597 2109 734 2174 alterum
758 2110 815 2192 Ag.
841 2113 898 2172 621
926 2106 959 2186 ἐς
980 2106 1037 2174 τὸν
1058 2107 1164 2176 πολὺν
1183 2108 1261 2196 χρό-

161 2235 217 2276 νον
239 2213 466 2297 „perlongum
488 2213 640 2294 temporis
662 2212 836 2294 spatium“;
860 2212 952 2276 Eum.
977 2216 1040 2276 484
1062 2207 1111 2290 εἰς
1132 2209 1265 2278 ἅπαντα

160 2312 292 2402 χρόνον,·
330 2318 391 2378 572
422 2311 456 2391 ἐς
477 2310 533 2378 τὸν
555 2309 651 2400 αἰανῆ
671 2309 801 2397 χρόνον,·
835 2317 897 2376 670
929 2310 962 2389 ἐς
983 2309 1022 2377 τὸ
1044 2319 1112 2376 πᾶν
1132 2312 1266 2402 perimo,-

164 2422 224 2481 763
248 2410 296 2492 εἰς
318 2411 450 2478 ἅπαντα
472 2411 651 2509 πλαοτήᾳη
671 2411 793 2500 χρόνον,
818 2420 850 2479 et
865 2415 1002 2479 formula
1025 2410 1072 2493 εἰς
1091 2413 1130 2480 τὸ
1146 2414 1266 2481 λοιπόν

162 2520 214 2598 „in
236 2520 400 2583 futurum“
422 2518 515 2582 Eum.
533 2523 611 2598 7083
639 2518 725 2581 Pers.
743 2522 803 2581 526
822 2519 859 2596 2).
902 2517 973 2582 Huo
995 2518 1089 2583 traho
1105 2519 1202 2582 etiam
1218 2513 1266 2594 εἰς

162 2613 215 2684 ἀεί
237 2614 366 2704 (otgari)
389 2620 441 2698 „in
462 2623 681 2703 perpetuum“‚
705 2618 790 2701 quod
811 2618 859 2683 bis
880 2624 1001 2682 exstat:
1025 2620 1130 2685 Prom.
1148 2625 1209 2685 732
1232 2628 1265 2686 et

162 2722 255 2786 Eum.
278 2727 357 2802 8363
380 2716 508 2797 εἰςόντιν
530 2716 671 2805 (χρόνον)
694 2720 803 2804 Suppl.
829 2725 900 2799 617,
923 2741 987 2802 qua
1008 2742 1083 2785 vooe
1104 2743 1188 2786 unus
1204 2722 1264 2786 Ae-

163 2823 290 2906 schylus
311 2844 387 2888 usus
411 2830 468 2903 est,
491 2829 524 2888 et
546 2818 687 2906 οἰςάπαξ
706 2824 810 2887 Prom.
829 2827 899 2901 750,
924 2824 1083 2906 cujusvis
1104 2830 1264 2907 tempora-

163 2925 203 2988 lis
226 2925 380 3008 probatur
401 2926 505 2992 verbis
527 2927 679 3010 oppositis
700 2920 759 3001 τὰς
780 2918 914 3002 ἁπάσας
935 2919 1065 3011 ἡμέρας.
1109 2925 1157 2990 De
1178 2926 1264 2990 loou-

165 3024 251 3088 tione
273 3020 321 3101 εἰς
341 3023 380 3090 τὸ
402 3033 470 3091 πᾶν
500 3027 610 3112 (semel
640 3021 687 3104 εἰς
708 3022 750 3090 τὰ
772 3022 882 3090 πάντα
904 3028 1008 3091 Prom.
1033 3031 1107 3105 736)
1138 3029 1265 3110 saepius

161 3125 234 3208 jure
257 3126 397 3192 dubitari
418 3136 531 3213 potest,
552 3151 629 3194 num
649 3130 710 3194 sibi
725 3129 802 3192 velit
823 3130 979 3209 „omnino
1003 3148 1141 3211 prorsus,
1164 3130 1265 3191 omni-

165 3228 223 3293 bus
246 3231 419 3312 partibus“,
451 3252 493 3296 an
519 3233 573 3312 „in
596 3252 690 3296 omne
711 3237 869 3314 tempus.“
913 3233 1030 3313 Aperte
1053 3234 1161 3294 autom
1184 3229 1264 3294 haec

163 3331 260 3396 verba
289 3331 409 3399 habent
436 3334 700 3417 significationem
725 3333 864 3417 priorem
892 3353 975 3416 quae
996 3333 1145 3397 usitatior
1165 3331 1269 3398 fuisse

237 3612 256 3681 ¹)
292 3612 429 3680 Equidem
452 3628 562 3663 oausam
587 3611 653 3665 satis
680 3627 793 3679 gravem
818 3627 867 3662 our
890 3611 918 3662 in
944 3610 1035 3662 Prom.
1054 3610 1105 3662 864
1129 3607 1218 3661 τοιάδ’
1238 3612 1265 3669 ἐς

165 3695 283 3771 ἐχθροὺς
299 3695 363 3755 τοὺς
382 3694 464 3768 ἐμοὺς
481 3697 561 3750 ἔλθοι
572 3695 680 3770 Κύπρις
697 3716 748 3766 pro
763 3699 790 3754 ἐς
807 3697 981 3751 scribendum
999 3697 1035 3749 sit
1054 3693 1100 3748 ἐπ’
1112 3699 1186 3765 quod
1198 3699 1265 3752 Her-

165 3804 282 3840 mannus
302 3787 403 3838 acriter
421 3786 481 3839 vult
499 3803 553 3839 non
573 3787 660 3840 video.

234 3876 256 3942 2)
293 3874 428 3941 Exempla
447 3875 596 3928 accusativi
614 3874 774 3942 temporalis
792 3874 866 3926 huno
884 3872 974 3940 ipsum
993 3888 1102 3925 sensum
1121 3872 1265 3927 efficientis

164 3964 238 4031 apud
255 3961 422 4029 Aeschylum
445 3963 584 4031 permulta
607 3962 749 4031 leguntur3
782 3960 1068 4027 carrionenses,
1089 3960 1153 4029 751;
1185 3961 1264 4015 Eum.

164 4051 224 4120 686,
246 4053 311 4104 1031
332 4054 384 4104 eto.

1005 4150 1038 4206 5*
