2856 4776
751 395 791 456 54

221 579 332 643 additu
354 583 403 643 est
424 577 520 642 verbo
544 573 693 662 ἐκφυγεῖν
714 599 753 642 ex
776 600 838 660 quo
861 577 955 641 simul
972 577 1165 642 audiendum
1188 586 1237 643 est
1258 602 1324 665 φο-

219 676 335 763 ηόντας
368 685 430 744 584
452 672 514 743 ἀνὰ
536 684 594 762 γᾶν
610 671 726 743 Ἀσίαν
748 671 856 744 οάκέτι
878 683 1176 763 περσονομοῦνται,·
1209 682 1322 766 Suppl.

220 787 281 847 843
305 775 370 846 εἴθ’
389 774 450 845 ἀνά
473 776 654 866 πολόρατον
676 773 838 867 ἁλμήεντα
861 776 964 865 πόρον
986 777 1123 860 διώλου,-
1146 788 1207 848 853
1230 777 1324 848 ἀτίε-

219 906 275 959 τος
295 876 357 947 ἀνὰ
380 878 479 947 πόλιν
499 876 644 965 ἀσεβῶν,
666 882 703 946 ir.
725 888 783 947 170
805 876 923 946 Ἰδαίαν
945 878 1006 946 ἀνὰ
1026 879 1142 963 χθόνα.
1188 886 1325 970 Egregie

218 985 422 1050 Hermennus
451 987 485 1050 in
515 985 625 1068 Suppl.
652 988 714 1048 550
744 986 885 1050 restituit
914 976 955 1068 ἀμ
976 980 1095 1068 μ’·αλας
1133 986 1213 1050 nihil
1236 989 1325 1053 enim

218 1085 345 1152 facilius
367 1089 400 1152 in
423 1087 513 1153 libris
536 1087 697 1170 corrumpi
724 1088 829 1169 potuit
851 1088 912 1152 hac
934 1086 1037 1151 torma
1059 1089 1191 1152 rariore.
1236 1089 1325 1154 Num

218 1209 292 1253 vero
319 1194 405 1254 recte
433 1188 566 1254 fecerint
596 1189 626 1253 ei
656 1188 794 1253 editores
821 1190 876 1272 qni
906 1189 1128 1254 Hermannum
1158 1191 1258 1255 secuti
1289 1192 1323 1255 in

218 1291 310 1354 Eum.
335 1295 374 1355 76
407 1293 561 1375 scripsere
593 1282 642 1354 ἀν’
664 1283 716 1354 ἀεὶ
744 1287 803 1377 τὴν
834 1290 1040 1377 πλανοστιβῆ
1067 1287 1190 1371 χθόνα,
1224 1314 1325 1375 quam

218 1393 356 1456 maxime
386 1393 517 1458 dubium
547 1394 682 1458 videtur.
728 1394 856 1457 Etenim
879 1394 1025 1477 exempla
1047 1395 1203 1476 ejusmodi
1225 1396 1321 1460 collo-

218 1494 352 1559 cationis
374 1496 536 1561 rarissima
559 1501 649 1574 sunt;
680 1493 720 1558 cf.
744 1495 859 1560 Matth.
884 1517 929 1578 gr.
953 1517 998 1578 gr.
1024 1498 1050 1578 ξ.
1068 1500 1140 1576 595,
1164 1502 1192 1576 3,
1215 1491 1327 1562 stoici

219 1597 314 1660 nimis
341 1595 443 1678 friget.
490 1589 551 1659 ἀνά
581 1596 710 1679 quidem
739 1597 824 1679 quod
852 1598 958 1662 sensui
987 1597 1125 1681 perbene
1154 1600 1327 1665 conveniat

217 1698 328 1780 utique
356 1699 576 1777 retinendum3
615 1720 713 1781 quum
743 1699 927 1781 conjectura
942 1696 1199 1782 'adprobandum
1228 1700 1325 1766 firma

218 1801 319 1864 allata
341 1822 405 1864 non
424 1802 493 1883 jam
513 1802 563 1879 sit,
587 1802 851 1884 acquiescendum
867 1803 963 1867 estin
980 1802 1323 1868 Hermanuilectione.

187 1929 194 1938 ·
218 1903 379 1985 (Fortasse
401 1903 508 1986 placet
529 1895 649 1989 ἀλήτην
671 1896 757 1984 ἀνά.)

305 2011 333 2070 3.
357 2008 410 2068 De
430 2006 606 2087 compositis
628 2006 707 2070 haec
722 2005 824 2069 habeo
841 2026 923 2087 quae
940 2004 1081 2070 efferam.
1128 2008 1161 2089 a)
1177 2007 1324 2071 Primum

217 2100 278 2169 ἀνά
299 2107 421 2171 indicat
443 2108 615 2171 motionem
638 2128 719 2190 quae
742 2106 889 2171 altiorem
904 2109 985 2190 petit
1001 2108 1116 2173 locum.
1163 2109 1239 2175 Cho.
1258 2115 1322 2174 382

217 2212 289 2287 Ζεῦ,
313 2204 463 2272 κάτωθεν
485 2202 677 2290 ἀμπέμπων
698 2200 796 2288 ἀτανς
817 2209 903 2272 Pers
922 2214 984 2273 650
999 2202 1173 2289 Ἀϊδωνεὺς
1195 2207 1223 2276 δ’
1240 2204 1322 2275 ἀνα-

218 2307 358 2391 πομπὸς
380 2304 489 2397 ἀνείης
504 2313 663 2396 Δαρεῖον,·
685 2310 794 2394 Suppl.
812 2315 871 2375 781
897 2303 1047 2398 ἀμπετὴς
1061 2309 1150 2390 κόνις
1165 2315 1225 2398 (itu
1239 2314 1323 2379 Her-

216 2433 368 2493 mannus,
392 2414 447 2497 qui
468 2415 552 2478 hene
574 2435 683 2478 vocem
705 2413 884 2496 significare
907 2412 985 2478 dicit
1009 2420 1225 2498 „expansus“;
1263 2438 1322 2482 cur

215 2537 289 2580 vero
305 2509 455 2602 ἀμπιτής
469 2516 529 2580 hoc
543 2516 613 2580 loco
629 2536 697 2605 esse
712 2535 864 2598 negemus
881 2516 933 2594 „in
945 2515 1047 2580 altum
1060 2538 1093 2581 se
1105 2517 1230 2595 tollens,
1246 2519 1320 2583 sub-

214 2616 368 2682 volans“?
420 2618 500 2682 Mihi
528 2614 617 2695 κόνις
639 2610 789 2703 ἀμπετὴς
810 2612 857 2693 εἰς
879 2606 937 2694 ἀος
960 2618 1023 2697 (vel
1045 2613 1165 2705 αἰθέρ’)
1189 2642 1321 2703 prorsus

216 2719 301 2783 idem
323 2739 391 2784 esse
414 2721 539 2785 videtur
561 2720 645 2803 quod
668 2725 764 2803 poeta
781 2719 867 2802 Sept.
881 2723 919 2783 81
945 2720 1022 2784 dicit
1044 2715 1178 2799 αἰθερία
1200 2717 1319 2802 κόνις);

215 2821 302 2902 Sept.
327 2826 387 2885 535
412 2818 538 2908 ταρφὺς
559 2815 757 2886 ἀντέλλουσα
779 2816 859 2906 θρίξ
879 2822 999 2886 dictum
1021 2823 1059 2887 dc
1082 2825 1223 2888 crinibus
1246 2825 1319 2890 bar-

215 2923 275 2988 bae
297 2923 352 3004 qui
375 2945 392 2986 e
414 2924 503 3007 genis
524 2923 724 3006 proveniunt.
768 2922 867 2986 Terra
890 2924 1007 2988 dicitur
1030 2916 1154 2989 ἀνιέναι
1176 2932 1320 2993 mortuos

215 3023 292 3089 Cho.
316 3028 394 3102 489,
424 3029 567 3088 monstra
590 3024 639 3088 vel
662 3024 818 3088 solamine
840 3025 907 3089 irae
932 3025 1041 3108 Suppl.
1066 3029 1126 3091 267
1137 3050 1144 3106 ;
1182 3021 1318 3115 οάρανο-

213 3124 317 3213 μήκης
332 3122 467 3208 λαμπὰς
482 3119 606 3207 ἀνίσχει
624 3127 735 3210 „jubar
751 3126 898 3191 flammae
914 3128 1037 3192 coelum
1053 3130 1163 3210 pet't“.
1210 3131 1319 3196 Etiam

214 3250 289 3294 usus
312 3229 547 3312 metaphoricus
576 3230 695 3313 ubique
721 3231 909 3314 perspicuus
931 3235 980 3294 est
1001 3231 1086 3312 apud
1110 3232 1319 3315 Aeschylum3

214 3330 252 3394 cf.
279 3330 355 3396 Cho.
381 3335 442 3394 228
466 3325 701 3419 ἀνεπτερώθης
725 3333 894 3415 „gaudium
917 3338 949 3395 te
971 3331 1137 3412 sustulit“;
1174 3334 1212 3398 de
1235 3334 1320 3400 false

215 3431 444 3497 Wunderlichii
467 3441 500 3498 et
523 3433 679 3498 Dindorfii
708 3435 879 3516 scriptione
909 3435 943 3498 in
973 3434 1078 3499 Prom.
1108 3440 1170 3500 354
1196 3429 1319 3522 ἀνέστη

214 3556 272 3617 pro
300 3528 438 3621 ἀντέστη
467 3535 506 3600 cf.
530 3535 638 3599 Herm.
664 3537 704 3601 ad
727 3559 755 3600 v.
780 3541 857 3615 3563
896 3535 1010 3620 Bergk.
1034 3537 1067 3600 in
1090 3537 1242 3602 Zeitschr.
1266 3538 1319 3604 fiir

214 3636 349 3701 Aiterth.
377 3642 456 3702 1835
481 3661 510 3721 p.
529 3642 599 3702 946.
647 3638 712 3704 Cur
739 3639 975 3705 Blomfieldium
1004 3644 1131 3703 secutus
1159 3638 1319 3705 Herman-

189 3724 193 3734 ¹
213 3760 274 3803 nus
295 3744 328 3802 et
349 3738 442 3803 multi
464 3739 520 3804 alii
541 3740 678 3806 editores
699 3743 734 3806 in
756 3744 813 3826 rig.
839 3746 878 3804 77
902 3761 960 3824 pro
983 3733 1132 3804 ἀνάσσων
1158 3742 1244 3824 quod
1267 3741 1319 3806 vel

213 3841 336 3906 codices
358 3842 513 3925 praebent
535 3844 719 3926 scripserint
734 3835 884 3930 ἀνᾴσσων
907 3842 985 3907 mihi
1008 3843 1175 3907 obscurum
1192 3850 1240 3908 est
1263 3843 1316 3908 cf.

214 3944 371 4026 Hartung.
396 3944 437 4008 ad
460 3966 488 4007 v.
513 3951 578 4026 75).
602 3984 644 3993 -
683 3947 785 4024 Quam
815 3951 964 4009 accurate
993 3945 1104 4009 Graeci
1134 3946 1189 4010 ubi
1218 3946 1319 4010 verba

214 4046 386 4111 motionem
419 4051 451 4110 et
481 4047 687 4113 directionem
717 4046 893 4113 indicantia
923 4047 1121 4131 usurpabant
1147 4053 1319 4115 externum
