<?xml version="1.0" encoding="UTF-8"?>
<!DOCTYPE html PUBLIC "-//W3C//DTD XHTML 1.0 Transitional//EN"
    "http://www.w3.org/TR/xhtml1/DTD/xhtml1-transitional.dtd">
<html xmlns="http://www.w3.org/1999/xhtml" xml:lang="en" lang="en">
 <head>
  <title>
</title>
<meta http-equiv="Content-Type" content="text/html;charset=utf-8" />
  <meta name='ocr-system' content='tesseract 3.04.00' />
  <meta name='ocr-capabilities' content='ocr_page ocr_carea ocr_par ocr_line ocrx_word'/>
</head>
<body>
  <div class='ocr_page' id='page_1' title='image "./depraepositionu00menggoog_0014.png"; bbox 0 0 2856 4776; ppageno 0'>
   <div class='ocr_carea' id='block_1_1' title="bbox 661 403 680 461">
    <p class='ocr_par' dir='ltr' id='par_1_1' title="bbox 661 403 680 461">
     <span class='ocr_line' id='line_1_1' title="bbox 661 403 680 461; baseline 0 0"><span class='ocrx_word' id='word_1_1' title='bbox 661 403 680 461; x_wconf 83' lang='grc'>9</span> 
     </span>
    </p>
   </div>
   <div class='ocr_carea' id='block_1_2' title="bbox 62 577 1313 2398">
    <p class='ocr_par' dir='ltr' id='par_1_2' title="bbox 62 577 1313 2398">
     <span class='ocr_line' id='line_1_2' title="bbox 120 577 1313 668; baseline -0.002 -18"><span class='ocrx_word' id='word_1_2' title='bbox 120 585 250 650; x_wconf 80' lang='lat' dir='ltr'><strong>cabula:</strong></span> <span class='ocrx_word' id='word_1_3' title='bbox 275 577 454 660; x_wconf 74' lang='grc' dir='ltr'><strong><em>ἀντίτυπος</em></strong></span> <span class='ocrx_word' id='word_1_4' title='bbox 477 584 561 668; x_wconf 82' lang='lat' dir='ltr'><strong>Sept.</strong></span> <span class='ocrx_word' id='word_1_5' title='bbox 587 588 645 648; x_wconf 90' lang='grc'>521</span> <span class='ocrx_word' id='word_1_6' title='bbox 673 585 914 664; x_wconf 78' lang='lat' dir='ltr'><strong>‚,adverserius“</strong></span> <span class='ocrx_word' id='word_1_7' title='bbox 935 589 973 667; x_wconf 79' lang='grc' dir='ltr'><strong>Ι);</strong></span> <span class='ocrx_word' id='word_1_8' title='bbox 1005 578 1222 668; x_wconf 84' lang='grc' dir='ltr'><strong><em>ἀντίστροφος</em></strong></span> <span class='ocrx_word' id='word_1_9' title='bbox 1310 642 1313 648; x_wconf 94' lang='grc'>.</span> 
     </span>
     <span class='ocr_line' id='line_1_3' title="bbox 121 686 1220 771; baseline -0.004 -19"><span class='ocrx_word' id='word_1_10' title='bbox 121 687 230 771; x_wconf 84' lang='lat' dir='ltr'><strong>Suppl.</strong></span> <span class='ocrx_word' id='word_1_11' title='bbox 260 691 322 752; x_wconf 82' lang='grc'><strong>882</strong></span> <span class='ocrx_word' id='word_1_12' title='bbox 356 687 441 769; x_wconf 89' lang='lat' dir='ltr'><strong>quod</strong></span> <span class='ocrx_word' id='word_1_13' title='bbox 475 687 601 750; x_wconf 85' lang='lat' dir='ltr'><strong>etiamsi</strong></span> <span class='ocrx_word' id='word_1_14' title='bbox 635 686 762 750; x_wconf 86' lang='lat' dir='ltr'><strong>defendi</strong></span> <span class='ocrx_word' id='word_1_15' title='bbox 797 693 903 769; x_wconf 89' lang='lat' dir='ltr'><strong>potest</strong></span> <span class='ocrx_word' id='word_1_16' title='bbox 940 693 1024 751; x_wconf 86' lang='lat' dir='ltr'><strong>recte</strong></span> <span class='ocrx_word' id='word_1_17' title='bbox 1061 687 1220 749; x_wconf 83' lang='lat' dir='ltr'><strong>Porsonus</strong></span> 
     </span>
     <span class='ocr_line' id='line_1_4' title="bbox 120 780 1221 874; baseline -0.004 -22"><span class='ocrx_word' id='word_1_18' title='bbox 120 788 262 853; x_wconf 75' lang='lat' dir='ltr'>scholion</span> <span class='ocrx_word' id='word_1_19' title='bbox 286 794 412 852; x_wconf 89' lang='lat' dir='ltr'><strong>secutus</strong></span> <span class='ocrx_word' id='word_1_20' title='bbox 434 790 468 852; x_wconf 94' lang='lat' dir='ltr'><strong>in</strong></span> <span class='ocrx_word' id='word_1_21' title='bbox 490 780 731 874; x_wconf 77' lang='grc' dir='ltr'><strong><em>ἀμφίστροφος,</em></strong></span> <span class='ocrx_word' id='word_1_22' title='bbox 744 793 885 852; x_wconf 83' lang='lat' dir='ltr'><strong>mutasse</strong></span> <span class='ocrx_word' id='word_1_23' title='bbox 907 789 1047 867; x_wconf 90' lang='lat' dir='ltr'><strong>videtur;</strong></span> <span class='ocrx_word' id='word_1_24' title='bbox 1071 781 1221 850; x_wconf 87' lang='grc' dir='ltr'><strong><em>ἀντίδου-</em></strong></span> 
     </span>
     <span class='ocr_line' id='line_1_5' title="bbox 122 884 1221 972; baseline -0.005 -18"><span class='ocrx_word' id='word_1_25' title='bbox 122 913 188 966; x_wconf 83' lang='grc' dir='ltr'><strong><em>ντος</em></strong></span> <span class='ocrx_word' id='word_1_26' title='bbox 210 895 401 967; x_wconf 82' lang='lat' dir='ltr'><strong>„resonans“</strong></span> <span class='ocrx_word' id='word_1_27' title='bbox 423 912 506 955; x_wconf 91' lang='lat' dir='ltr'><strong>unus</strong></span> <span class='ocrx_word' id='word_1_28' title='bbox 528 890 702 971; x_wconf 78' lang='lat' dir='ltr'><strong>Aeschylus</strong></span> <span class='ocrx_word' id='word_1_29' title='bbox 724 891 806 955; x_wconf 83' lang='lat' dir='ltr'>dixit</span> <span class='ocrx_word' id='word_1_30' title='bbox 829 896 896 969; x_wconf 82' lang='lat' dir='ltr'><strong>ter3-</strong></span> <span class='ocrx_word' id='word_1_31' title='bbox 915 892 950 953; x_wconf 88' lang='lat' dir='ltr'><strong>in</strong></span> <span class='ocrx_word' id='word_1_32' title='bbox 972 891 1028 972; x_wconf 86' lang='lat' dir='ltr'><strong>Ag.</strong></span> <span class='ocrx_word' id='word_1_33' title='bbox 1057 894 1092 952; x_wconf 85' lang='grc'>17</span> <span class='ocrx_word' id='word_1_34' title='bbox 1117 884 1221 951; x_wconf 77' lang='grc' dir='ltr'><strong><em>διινου</em></strong></span> 
     </span>
     <span class='ocr_line' id='line_1_6' title="bbox 121 983 1221 1076; baseline -0.001 -21"><span class='ocrx_word' id='word_1_35' title='bbox 121 984 192 1056; x_wconf 78' lang='grc' dir='ltr'><strong><em>τόδ</em></strong></span> <span class='ocrx_word' id='word_1_36' title='bbox 214 983 417 1073; x_wconf 75' lang='grc' dir='ltr'><strong><em>ἀντίμολπον</em></strong></span> <span class='ocrx_word' id='word_1_37' title='bbox 440 990 599 1074; x_wconf 77' lang='grc' dir='ltr'><strong>ἐντέμνων</strong></span> <span class='ocrx_word' id='word_1_38' title='bbox 620 985 706 1072; x_wconf 81' lang='grc' dir='ltr'><strong><em>ἀκος,</em></strong></span> <span class='ocrx_word' id='word_1_39' title='bbox 732 1014 814 1076; x_wconf 79' lang='lat' dir='ltr'><strong>quae</strong></span> <span class='ocrx_word' id='word_1_40' title='bbox 830 994 927 1056; x_wconf 81' lang='lat' dir='ltr'><strong>verbe</strong></span> <span class='ocrx_word' id='word_1_41' title='bbox 944 992 1126 1075; x_wconf 80' lang='lat' dir='ltr'><strong>significent</strong></span> <span class='ocrx_word' id='word_1_42' title='bbox 1147 1011 1221 1074; x_wconf 79' lang='lat' dir='ltr'><strong>„pa-</strong></span> 
     </span>
     <span class='ocr_line' id='line_1_7' title="bbox 121 1094 1222 1177; baseline -0.002 -19"><span class='ocrx_word' id='word_1_43' title='bbox 121 1115 197 1158; x_wconf 83' lang='lat' dir='ltr'><strong>rens</strong></span> <span class='ocrx_word' id='word_1_44' title='bbox 218 1094 279 1158; x_wconf 90' lang='lat' dir='ltr'><strong>hoc</strong></span> <span class='ocrx_word' id='word_1_45' title='bbox 300 1094 475 1158; x_wconf 88' lang='lat' dir='ltr'><strong>remedium</strong></span> <span class='ocrx_word' id='word_1_46' title='bbox 497 1095 582 1177; x_wconf 90' lang='lat' dir='ltr'><strong>quod</strong></span> <span class='ocrx_word' id='word_1_47' title='bbox 605 1096 747 1158; x_wconf 81' lang='lat' dir='ltr'><strong>canendo</strong></span> <span class='ocrx_word' id='word_1_48' title='bbox 771 1117 915 1159; x_wconf 89' lang='lat' dir='ltr'><strong>somnum</strong></span> <span class='ocrx_word' id='word_1_49' title='bbox 931 1095 1087 1177; x_wconf 81' lang='lat' dir='ltr'><strong>repellit“,</strong></span> <span class='ocrx_word' id='word_1_50' title='bbox 1110 1113 1222 1156; x_wconf 80' lang='lat' dir='ltr'><strong>caveas</strong></span> 
     </span>
     <span class='ocr_line' id='line_1_8' title="bbox 122 1195 1222 1280; baseline 0.001 -21"><span class='ocrx_word' id='word_1_51' title='bbox 122 1217 163 1259; x_wconf 89' lang='lat' dir='ltr'><strong>ne</strong></span> <span class='ocrx_word' id='word_1_52' title='bbox 190 1202 283 1279; x_wconf 89' lang='lat' dir='ltr'><strong>putes</strong></span> <span class='ocrx_word' id='word_1_53' title='bbox 312 1197 493 1278; x_wconf 77' lang='lat' dir='ltr'><strong>genetivum</strong></span> <span class='ocrx_word' id='word_1_54' title='bbox 521 1197 658 1279; x_wconf 90' lang='lat' dir='ltr'><strong>pendere</strong></span> <span class='ocrx_word' id='word_1_55' title='bbox 686 1219 725 1260; x_wconf 84' lang='lat' dir='ltr'><strong>ex</strong></span> <span class='ocrx_word' id='word_1_56' title='bbox 753 1197 910 1280; x_wconf 83' lang='lat' dir='ltr'><strong>adjectivo</strong></span> <span class='ocrx_word' id='word_1_57' title='bbox 939 1197 1024 1278; x_wconf 92' lang='lat' dir='ltr'><strong>quod</strong></span> <span class='ocrx_word' id='word_1_58' title='bbox 1052 1195 1145 1258; x_wconf 89' lang='lat' dir='ltr'><strong>multi</strong></span> <span class='ocrx_word' id='word_1_59' title='bbox 1167 1195 1222 1260; x_wconf 86' lang='lat' dir='ltr'><strong>ho-</strong></span> 
     </span>
     <span class='ocr_line' id='line_1_9' title="bbox 121 1297 1221 1382; baseline -0.003 -20"><span class='ocrx_word' id='word_1_60' title='bbox 121 1298 225 1362; x_wconf 89' lang='lat' dir='ltr'><strong>mines</strong></span> <span class='ocrx_word' id='word_1_61' title='bbox 246 1298 332 1361; x_wconf 89' lang='lat' dir='ltr'><strong>docti</strong></span> <span class='ocrx_word' id='word_1_62' title='bbox 353 1297 480 1361; x_wconf 83' lang='lat' dir='ltr'><strong>voluere</strong></span> <span class='ocrx_word' id='word_1_63' title='bbox 504 1318 628 1362; x_wconf 86' lang='lat' dir='ltr'><strong>summe</strong></span> <span class='ocrx_word' id='word_1_64' title='bbox 650 1299 770 1382; x_wconf 83' lang='lat' dir='ltr'><strong>injuria</strong></span> <span class='ocrx_word' id='word_1_65' title='bbox 793 1299 845 1380; x_wconf 86' lang='lat' dir='ltr'><strong>(cf.</strong></span> <span class='ocrx_word' id='word_1_66' title='bbox 868 1300 1016 1362; x_wconf 82' lang='lat' dir='ltr'><strong>Karsten.</strong></span> <span class='ocrx_word' id='word_1_67' title='bbox 1041 1298 1081 1361; x_wconf 83' lang='lat' dir='ltr'><strong>ad</strong></span> <span class='ocrx_word' id='word_1_68' title='bbox 1104 1320 1132 1360; x_wconf 85' lang='lat' dir='ltr'><strong>v.</strong></span> <span class='ocrx_word' id='word_1_69' title='bbox 1160 1301 1221 1373; x_wconf 86' lang='grc'>16).</span> 
     </span>
     <span class='ocr_line' id='line_1_10' title="bbox 123 1393 1224 1485; baseline -0.001 -23"><span class='ocrx_word' id='word_1_70' title='bbox 123 1400 269 1481; x_wconf 76' lang='lat' dir='ltr'><strong>Namque</strong></span> <span class='ocrx_word' id='word_1_71' title='bbox 299 1398 407 1463; x_wconf 83' lang='lat' dir='ltr'><strong>omnia</strong></span> <span class='ocrx_word' id='word_1_72' title='bbox 435 1399 532 1464; x_wconf 81' lang='lat' dir='ltr'><strong>verbe</strong></span> <span class='ocrx_word' id='word_1_73' title='bbox 561 1401 737 1485; x_wconf 86' lang='lat' dir='ltr'><strong>composite</strong></span> <span class='ocrx_word' id='word_1_74' title='bbox 766 1401 798 1463; x_wconf 92' lang='lat' dir='ltr'><strong>in</strong></span> <span class='ocrx_word' id='word_1_75' title='bbox 827 1401 942 1484; x_wconf 90' lang='lat' dir='ltr'><strong>quibus</strong></span> <span class='ocrx_word' id='word_1_76' title='bbox 969 1393 1043 1463; x_wconf 91' lang='grc' dir='ltr'><strong><em>ἀντί</em></strong></span> <span class='ocrx_word' id='word_1_77' title='bbox 1065 1399 1224 1483; x_wconf 83' lang='lat' dir='ltr'><strong>significet</strong></span> 
     </span>
     <span class='ocr_line' id='line_1_11' title="bbox 62 1500 1301 1588; baseline 0 -24"><span class='ocrx_word' id='word_1_78' title='bbox 62 1559 65 1564; x_wconf 84' lang='lat'><em>.</em></span> <span class='ocrx_word' id='word_1_79' title='bbox 124 1500 275 1580; x_wconf 80' lang='lat' dir='ltr'><strong>‚,oontre“</strong></span> <span class='ocrx_word' id='word_1_80' title='bbox 301 1501 341 1566; x_wconf 81' lang='lat' dir='ltr'><strong>ab</strong></span> <span class='ocrx_word' id='word_1_81' title='bbox 356 1502 511 1566; x_wconf 86' lang='lat' dir='ltr'><strong>omnibns</strong></span> <span class='ocrx_word' id='word_1_82' title='bbox 533 1502 739 1586; x_wconf 78' lang='lat' dir='ltr'><strong>scriptoribus</strong></span> <span class='ocrx_word' id='word_1_83' title='bbox 762 1503 997 1586; x_wconf 80' lang='lat' dir='ltr'><strong>conjunguntur</strong></span> <span class='ocrx_word' id='word_1_84' title='bbox 1021 1523 1093 1567; x_wconf 89' lang='lat' dir='ltr'><strong>cum</strong></span> <span class='ocrx_word' id='word_1_85' title='bbox 1116 1501 1222 1566; x_wconf 82' lang='lat' dir='ltr'><strong>dativo</strong></span> <span class='ocrx_word' id='word_1_86' title='bbox 1298 1583 1301 1588; x_wconf 17' lang='grc' dir='ltr'><em>ι</em></span> 
     </span>
     <span class='ocr_line' id='line_1_12' title="bbox 123 1603 1222 1688; baseline -0.001 -21"><span class='ocrx_word' id='word_1_87' title='bbox 123 1603 294 1667; x_wconf 89' lang='lat' dir='ltr'><strong>dummodo</strong></span> <span class='ocrx_word' id='word_1_88' title='bbox 322 1624 361 1666; x_wconf 87' lang='lat' dir='ltr'><strong>ns</strong></span> <span class='ocrx_word' id='word_1_89' title='bbox 390 1605 454 1667; x_wconf 91' lang='lat' dir='ltr'><strong>sint</strong></span> <span class='ocrx_word' id='word_1_90' title='bbox 481 1604 691 1669; x_wconf 82' lang='lat' dir='ltr'><strong>substantive.</strong></span> <span class='ocrx_word' id='word_1_91' title='bbox 729 1606 917 1688; x_wconf 82' lang='lat' dir='ltr'><strong>(Compares</strong></span> <span class='ocrx_word' id='word_1_92' title='bbox 939 1605 1024 1687; x_wconf 84' lang='lat' dir='ltr'><strong>Sept.</strong></span> <span class='ocrx_word' id='word_1_93' title='bbox 1049 1608 1120 1683; x_wconf 83' lang='grc'>283,</span> <span class='ocrx_word' id='word_1_94' title='bbox 1144 1607 1222 1681; x_wconf 81' lang='grc'><strong>993;</strong></span> 
     </span>
     <span class='ocr_line' id='line_1_13' title="bbox 122 1699 1222 1793; baseline 0 -25"><span class='ocrx_word' id='word_1_95' title='bbox 122 1705 226 1769; x_wconf 89' lang='lat' dir='ltr'><strong>Prom.</strong></span> <span class='ocrx_word' id='word_1_96' title='bbox 252 1709 312 1768; x_wconf 88' lang='grc'><strong>527</strong></span> <span class='ocrx_word' id='word_1_97' title='bbox 336 1711 395 1770; x_wconf 88' lang='lat' dir='ltr'><strong>eto.</strong></span> <span class='ocrx_word' id='word_1_98' title='bbox 420 1728 492 1770; x_wconf 89' lang='lat' dir='ltr'><strong>cum</strong></span> <span class='ocrx_word' id='word_1_99' title='bbox 514 1707 571 1789; x_wconf 80' lang='lat' dir='ltr'><strong>Ag.</strong></span> <span class='ocrx_word' id='word_1_100' title='bbox 596 1712 638 1771; x_wconf 82' lang='lat'><strong>40</strong></span> <span class='ocrx_word' id='word_1_101' title='bbox 659 1703 814 1793; x_wconf 81' lang='grc' dir='ltr'><em>Πριάμου</em></span> <span class='ocrx_word' id='word_1_102' title='bbox 835 1699 1001 1784; x_wconf 72' lang='grc' dir='ltr'><strong><em>ἀντίδικος</em></strong></span> <span class='ocrx_word' id='word_1_103' title='bbox 1017 1709 1048 1791; x_wconf 84' lang='grc'><strong>2)</strong></span> <span class='ocrx_word' id='word_1_104' title='bbox 1077 1711 1109 1770; x_wconf 92' lang='lat' dir='ltr'><strong>et</strong></span> <span class='ocrx_word' id='word_1_105' title='bbox 1137 1705 1222 1788; x_wconf 85' lang='lat' dir='ltr'><strong>Sept.</strong></span> 
     </span>
     <span class='ocr_line' id='line_1_14' title="bbox 123 1800 1221 1890; baseline -0.002 -20"><span class='ocrx_word' id='word_1_106' title='bbox 123 1811 182 1870; x_wconf 85' lang='grc'>521</span> <span class='ocrx_word' id='word_1_107' title='bbox 207 1802 291 1882; x_wconf 81' lang='grc' dir='ltr'><strong><em>Διὸς</em></strong></span> <span class='ocrx_word' id='word_1_108' title='bbox 312 1800 510 1885; x_wconf 70' lang='grc' dir='ltr'><strong><em>ἀντίτυπονς</em></strong></span> <span class='ocrx_word' id='word_1_109' title='bbox 542 1809 632 1871; x_wconf 90' lang='lat' dir='ltr'><strong>Pind.</strong></span> <span class='ocrx_word' id='word_1_110' title='bbox 658 1810 691 1872; x_wconf 90' lang='lat' dir='ltr'><strong>P.</strong></span> <span class='ocrx_word' id='word_1_111' title='bbox 716 1815 744 1889; x_wconf 77' lang='lat'><strong>4,</strong></span> <span class='ocrx_word' id='word_1_112' title='bbox 770 1813 828 1872; x_wconf 83' lang='lat'><strong>221</strong></span> <span class='ocrx_word' id='word_1_113' title='bbox 854 1801 1012 1890; x_wconf 87' lang='grc' dir='ltr'><strong><em>ἀντίτομα</em></strong></span> <span class='ocrx_word' id='word_1_114' title='bbox 1033 1801 1165 1890; x_wconf 78' lang='grc' dir='ltr'><strong><em>ὀδυνᾶν)</em></strong></span> <span class='ocrx_word' id='word_1_115' title='bbox 1181 1809 1221 1888; x_wconf 87' lang='grc'><strong>3).</strong></span> 
     </span>
     <span class='ocr_line' id='line_1_15' title="bbox 124 1901 1224 1996; baseline -0.001 -25"><span class='ocrx_word' id='word_1_116' title='bbox 124 1909 227 1984; x_wconf 78' lang='lat' dir='ltr'><strong>Quom</strong></span> <span class='ocrx_word' id='word_1_117' title='bbox 254 1908 349 1972; x_wconf 83' lang='lat' dir='ltr'><strong>focile</strong></span> <span class='ocrx_word' id='word_1_118' title='bbox 378 1929 452 1972; x_wconf 86' lang='lat' dir='ltr'><strong>vero</strong></span> <span class='ocrx_word' id='word_1_119' title='bbox 481 1909 522 1972; x_wconf 86' lang='lat' dir='ltr'><strong>od</strong></span> <span class='ocrx_word' id='word_1_120' title='bbox 544 1901 749 1990; x_wconf 77' lang='grc' dir='ltr'><strong><em>ἀντίμολπον</em></strong></span> <span class='ocrx_word' id='word_1_121' title='bbox 770 1911 910 1994; x_wconf 72' lang='lat' dir='ltr'><strong>suppleri</strong></span> <span class='ocrx_word' id='word_1_122' title='bbox 932 1912 1032 1993; x_wconf 86' lang='lat' dir='ltr'><strong>possit</strong></span> <span class='ocrx_word' id='word_1_123' title='bbox 1053 1904 1146 1996; x_wconf 75' lang='grc' dir='ltr'><strong><em>ίττνιμ</em></strong></span> <span class='ocrx_word' id='word_1_124' title='bbox 1167 1929 1224 1992; x_wconf 87' lang='lat' dir='ltr'><strong>per</strong></span> 
     </span>
     <span class='ocr_line' id='line_1_16' title="bbox 125 2004 1222 2093; baseline 0 -20"><span class='ocrx_word' id='word_1_125' title='bbox 125 2029 158 2073; x_wconf 90' lang='lat' dir='ltr'><strong>se</strong></span> <span class='ocrx_word' id='word_1_126' title='bbox 183 2014 274 2091; x_wconf 81' lang='lat' dir='ltr'><strong>potet</strong></span> <span class='ocrx_word' id='word_1_127' title='bbox 289 2011 328 2090; x_wconf 82' lang='lat'>⁴¹).</span> <span class='ocrx_word' id='word_1_128' title='bbox 381 2010 502 2074; x_wconf 88' lang='lat' dir='ltr'><strong>Eodem</strong></span> <span class='ocrx_word' id='word_1_129' title='bbox 530 2011 623 2074; x_wconf 92' lang='lat' dir='ltr'><strong>modo</strong></span> <span class='ocrx_word' id='word_1_130' title='bbox 654 2013 687 2075; x_wconf 92' lang='lat' dir='ltr'><strong>in</strong></span> <span class='ocrx_word' id='word_1_131' title='bbox 715 2013 808 2076; x_wconf 88' lang='lat' dir='ltr'><strong>Eum.</strong></span> <span class='ocrx_word' id='word_1_132' title='bbox 842 2018 903 2076; x_wconf 85' lang='lat'><strong>553</strong></span> <span class='ocrx_word' id='word_1_133' title='bbox 931 2004 1126 2093; x_wconf 83' lang='grc' dir='ltr'><strong><em>ἀντίτολμον</em></strong></span> <span class='ocrx_word' id='word_1_134' title='bbox 1153 2009 1222 2074; x_wconf 88' lang='lat' dir='ltr'><strong>nul-</strong></span> 
     </span>
     <span class='ocr_line' id='line_1_17' title="bbox 122 2111 1223 2197; baseline 0 -23"><span class='ocrx_word' id='word_1_135' title='bbox 122 2111 153 2174; x_wconf 92' lang='lat' dir='ltr'><strong>lo</strong></span> <span class='ocrx_word' id='word_1_136' title='bbox 182 2111 307 2192; x_wconf 80' lang='lat' dir='ltr'><strong>edJ&#39;ecto</strong></span> <span class='ocrx_word' id='word_1_137' title='bbox 335 2111 442 2175; x_wconf 79' lang='lat' dir='ltr'><strong>dativo</strong></span> <span class='ocrx_word' id='word_1_138' title='bbox 469 2113 609 2196; x_wconf 91' lang='lat' dir='ltr'><strong>positum</strong></span> <span class='ocrx_word' id='word_1_139' title='bbox 638 2119 686 2177; x_wconf 91' lang='lat' dir='ltr'><strong>est</strong></span> <span class='ocrx_word' id='word_1_140' title='bbox 715 2115 792 2197; x_wconf 84' lang='lat' dir='ltr'><strong>quia</strong></span> <span class='ocrx_word' id='word_1_141' title='bbox 819 2114 907 2178; x_wconf 86' lang='lat' dir='ltr'><strong>haud</strong></span> <span class='ocrx_word' id='word_1_142' title='bbox 933 2113 1103 2177; x_wconf 88' lang='lat' dir='ltr'><strong>difficulter</strong></span> <span class='ocrx_word' id='word_1_143' title='bbox 1128 2111 1223 2175; x_wconf 88' lang='lat' dir='ltr'><strong>simul</strong></span> 
     </span>
     <span class='ocr_line' id='line_1_18' title="bbox 106 2213 1224 2298; baseline 0.001 -22"><span class='ocrx_word' id='word_1_144' title='bbox 106 2213 253 2277; x_wconf 75' lang='lat' dir='ltr'><strong>nuditur</strong></span> <span class='ocrx_word' id='word_1_145' title='bbox 285 2219 417 2292; x_wconf 81' lang='lat' dir='ltr'><strong>„contre</strong></span> <span class='ocrx_word' id='word_1_146' title='bbox 444 2215 499 2297; x_wconf 88' lang='lat' dir='ltr'><strong>jus</strong></span> <span class='ocrx_word' id='word_1_147' title='bbox 528 2215 660 2298; x_wconf 81' lang='lat' dir='ltr'><strong>fasque“</strong></span> <span class='ocrx_word' id='word_1_148' title='bbox 678 2219 716 2287; x_wconf 80' lang='lat'><strong>⁵).</strong></span> <span class='ocrx_word' id='word_1_149' title='bbox 783 2216 932 2280; x_wconf 89' lang='lat' dir='ltr'><strong>Weilium</strong></span> <span class='ocrx_word' id='word_1_150' title='bbox 969 2235 1044 2280; x_wconf 86' lang='lat' dir='ltr'><strong>vero</strong></span> <span class='ocrx_word' id='word_1_151' title='bbox 1077 2235 1224 2298; x_wconf 88' lang='lat' dir='ltr'><strong>perverse</strong></span> 
     </span>
     <span class='ocr_line' id='line_1_19' title="bbox 122 2314 1225 2398; baseline 0.003 -21"><span class='ocrx_word' id='word_1_152' title='bbox 122 2315 222 2398; x_wconf 83' lang='lat' dir='ltr'><strong>egisse</strong></span> <span class='ocrx_word' id='word_1_153' title='bbox 244 2315 300 2396; x_wconf 90' lang='lat' dir='ltr'><strong>qui</strong></span> <span class='ocrx_word' id='word_1_154' title='bbox 320 2315 469 2381; x_wconf 86' lang='lat' dir='ltr'><strong>inEum.</strong></span> <span class='ocrx_word' id='word_1_155' title='bbox 494 2322 553 2380; x_wconf 86' lang='grc'>691</span> <span class='ocrx_word' id='word_1_156' title='bbox 578 2323 615 2381; x_wconf 91' lang='lat' dir='ltr'><strong>ut</strong></span> <span class='ocrx_word' id='word_1_157' title='bbox 636 2339 676 2382; x_wconf 93' lang='lat' dir='ltr'><strong>ne</strong></span> <span class='ocrx_word' id='word_1_158' title='bbox 699 2319 825 2382; x_wconf 82' lang='lat' dir='ltr'><strong>dativus</strong></span> <span class='ocrx_word' id='word_1_159' title='bbox 847 2318 971 2382; x_wconf 79' lang='lat' dir='ltr'><strong>deesset</strong></span> <span class='ocrx_word' id='word_1_160' title='bbox 991 2314 1067 2382; x_wconf 80' lang='grc' dir='ltr'><strong><em>τότε</em></strong></span> <span class='ocrx_word' id='word_1_161' title='bbox 1088 2317 1225 2381; x_wconf 81' lang='lat' dir='ltr'><strong>mutarit</strong></span> 
     </span>
    </p>
   </div>
   <div class='ocr_carea' id='block_1_3' title="bbox 120 2452 325 2463">
    <p class='ocr_par' dir='ltr' id='par_1_3' title="bbox 120 2452 325 2463">
     <span class='ocr_line' id='line_1_20' title="bbox 120 2452 325 2463; baseline -0.005 0"><span class='ocrx_word' id='word_1_162' title='bbox 120 2452 325 2463; x_wconf 54' lang='lat' dir='ltr'><strong>—u--Q-—cu—-a-</strong></span> 
     </span>
    </p>
   </div>
   <div class='ocr_carea' id='block_1_4' title="bbox 104 2480 1257 3868">
    <p class='ocr_par' dir='ltr' id='par_1_4' title="bbox 122 2480 1257 3171">
     <span class='ocr_line' id='line_1_21' title="bbox 194 2480 1223 2561; baseline -0.002 -15"><span class='ocrx_word' id='word_1_163' title='bbox 194 2493 214 2559; x_wconf 85' lang='lat'><strong>¹)</strong></span> <span class='ocrx_word' id='word_1_164' title='bbox 242 2480 321 2559; x_wconf 77' lang='lat' dir='ltr'><strong>Quod</strong></span> <span class='ocrx_word' id='word_1_165' title='bbox 337 2494 452 2547; x_wconf 82' lang='lat' dir='ltr'><strong>verbum</strong></span> <span class='ocrx_word' id='word_1_166' title='bbox 471 2490 648 2544; x_wconf 78' lang='lat' dir='ltr'><strong>difficultates</strong></span> <span class='ocrx_word' id='word_1_167' title='bbox 668 2491 749 2544; x_wconf 86' lang='lat' dir='ltr'><strong>effert</strong></span> <span class='ocrx_word' id='word_1_168' title='bbox 766 2508 821 2543; x_wconf 90' lang='lat' dir='ltr'><strong>non</strong></span> <span class='ocrx_word' id='word_1_169' title='bbox 839 2495 896 2544; x_wconf 86' lang='lat' dir='ltr'><strong>tem</strong></span> <span class='ocrx_word' id='word_1_170' title='bbox 915 2496 1029 2561; x_wconf 87' lang='lat' dir='ltr'><strong>propter</strong></span> <span class='ocrx_word' id='word_1_171' title='bbox 1047 2489 1223 2559; x_wconf 81' lang='lat' dir='ltr'><strong>significatio·</strong></span> 
     </span>
     <span class='ocr_line' id='line_1_22' title="bbox 123 2579 1224 2648; baseline -0.003 -16"><span class='ocrx_word' id='word_1_172' title='bbox 123 2598 201 2646; x_wconf 89' lang='lat' dir='ltr'><strong>nem,</strong></span> <span class='ocrx_word' id='word_1_173' title='bbox 234 2598 303 2648; x_wconf 85' lang='lat' dir='ltr'><strong>quse</strong></span> <span class='ocrx_word' id='word_1_174' title='bbox 322 2580 478 2633; x_wconf 87' lang='lat' dir='ltr'><strong>offensionis</strong></span> <span class='ocrx_word' id='word_1_175' title='bbox 496 2579 566 2632; x_wconf 89' lang='lat' dir='ltr'><strong>nihil</strong></span> <span class='ocrx_word' id='word_1_176' title='bbox 584 2580 681 2646; x_wconf 83' lang='lat' dir='ltr'><strong>hebet,</strong></span> <span class='ocrx_word' id='word_1_177' title='bbox 713 2596 795 2647; x_wconf 82' lang='lat' dir='ltr'><strong>quam</strong></span> <span class='ocrx_word' id='word_1_178' title='bbox 813 2583 928 2648; x_wconf 85' lang='lat' dir='ltr'><strong>propter</strong></span> <span class='ocrx_word' id='word_1_179' title='bbox 945 2582 1078 2647; x_wconf 67' lang='lat' dir='ltr'><strong>metrum,</strong></span> <span class='ocrx_word' id='word_1_180' title='bbox 1109 2579 1153 2631; x_wconf 90' lang='lat' dir='ltr'><strong>oui</strong></span> <span class='ocrx_word' id='word_1_181' title='bbox 1170 2596 1224 2631; x_wconf 93' lang='lat' dir='ltr'><strong>non</strong></span> 
     </span>
     <span class='ocr_line' id='line_1_23' title="bbox 123 2665 1225 2736; baseline -0.005 -14"><span class='ocrx_word' id='word_1_182' title='bbox 123 2668 259 2722; x_wconf 85' lang='lat' dir='ltr'><strong>convenit.</strong></span> <span class='ocrx_word' id='word_1_183' title='bbox 296 2667 412 2720; x_wconf 88' lang='lat' dir='ltr'><strong>Versum</strong></span> <span class='ocrx_word' id='word_1_184' title='bbox 430 2668 569 2736; x_wconf 81' lang='lat' dir='ltr'><strong>integrum</strong></span> <span class='ocrx_word' id='word_1_185' title='bbox 588 2684 642 2718; x_wconf 91' lang='lat' dir='ltr'><strong>non</strong></span> <span class='ocrx_word' id='word_1_186' title='bbox 662 2682 721 2718; x_wconf 90' lang='lat' dir='ltr'><strong>esse</strong></span> <span class='ocrx_word' id='word_1_187' title='bbox 740 2669 856 2718; x_wconf 83' lang='lat' dir='ltr'><strong>constat.</strong></span> <span class='ocrx_word' id='word_1_188' title='bbox 892 2665 965 2718; x_wconf 90' lang='lat' dir='ltr'><strong>Num</strong></span> <span class='ocrx_word' id='word_1_189' title='bbox 978 2666 1130 2719; x_wconf 78' lang='lat' dir='ltr'><strong>Her-menni</strong></span> <span class='ocrx_word' id='word_1_190' title='bbox 1147 2667 1225 2718; x_wconf 89' lang='lat' dir='ltr'><strong>resti·</strong></span> 
     </span>
     <span class='ocr_line' id='line_1_24' title="bbox 122 2749 1257 2822; baseline -0.003 -15"><span class='ocrx_word' id='word_1_191' title='bbox 122 2755 204 2822; x_wconf 84' lang='lat' dir='ltr'><strong>tutio,</strong></span> <span class='ocrx_word' id='word_1_192' title='bbox 225 2773 259 2806; x_wconf 83' lang='lat' dir='ltr'><strong>sn</strong></span> <span class='ocrx_word' id='word_1_193' title='bbox 278 2754 436 2821; x_wconf 83' lang='lat' dir='ltr'><strong>conjecture</strong></span> <span class='ocrx_word' id='word_1_194' title='bbox 454 2754 590 2807; x_wconf 84' lang='lat' dir='ltr'><strong>Dindorfii</strong></span> <span class='ocrx_word' id='word_1_195' title='bbox 608 2753 714 2822; x_wconf 87' lang='lat' dir='ltr'><strong>(Philol.</strong></span> <span class='ocrx_word' id='word_1_196' title='bbox 730 2753 770 2820; x_wconf 79' lang='lat'><strong>16,</strong></span> <span class='ocrx_word' id='word_1_197' title='bbox 786 2753 848 2820; x_wconf 90' lang='grc'>230)</span> <span class='ocrx_word' id='word_1_198' title='bbox 867 2749 1031 2813; x_wconf 63' lang='lat' dir='ltr'><strong>certavere,</strong></span> <span class='ocrx_word' id='word_1_199' title='bbox 1051 2770 1085 2805; x_wconf 82' lang='lat' dir='ltr'><strong>an</strong></span> <span class='ocrx_word' id='word_1_200' title='bbox 1104 2753 1224 2805; x_wconf 86' lang='lat' dir='ltr'><strong>Hortun·</strong></span> <span class='ocrx_word' id='word_1_201' title='bbox 1254 2753 1257 2757; x_wconf 80' lang='grc'><strong>’</strong></span> 
     </span>
     <span class='ocr_line' id='line_1_25' title="bbox 122 2837 1224 2912; baseline -0.002 -18"><span class='ocrx_word' id='word_1_202' title='bbox 122 2843 161 2912; x_wconf 84' lang='lat' dir='ltr'><strong>gii</strong></span> <span class='ocrx_word' id='word_1_203' title='bbox 186 2837 327 2902; x_wconf 77' lang='grc' dir='ltr'><strong><em>ἀντωπον,</em></strong></span> <span class='ocrx_word' id='word_1_204' title='bbox 361 2859 395 2892; x_wconf 86' lang='lat' dir='ltr'><strong>an</strong></span> <span class='ocrx_word' id='word_1_205' title='bbox 419 2841 601 2895; x_wconf 89' lang='lat' dir='ltr'><strong>Heimsoethii</strong></span> <span class='ocrx_word' id='word_1_206' title='bbox 625 2840 698 2910; x_wconf 82' lang='lat' dir='ltr'><strong>(»die</strong></span> <span class='ocrx_word' id='word_1_207' title='bbox 720 2839 1005 2910; x_wconf 81' lang='lat' dir='ltr'><strong>Wiederherstellung</strong></span> <span class='ocrx_word' id='word_1_208' title='bbox 1032 2841 1081 2893; x_wconf 89' lang='lat' dir='ltr'><strong>der</strong></span> <span class='ocrx_word' id='word_1_209' title='bbox 1104 2841 1224 2892; x_wconf 83' lang='lat' dir='ltr'><strong>Drsmen</strong></span> 
     </span>
     <span class='ocr_line' id='line_1_26' title="bbox 122 2923 1226 2997; baseline -0.005 -13"><span class='ocrx_word' id='word_1_210' title='bbox 122 2932 169 2984; x_wconf 88' lang='lat' dir='ltr'><strong>des</strong></span> <span class='ocrx_word' id='word_1_211' title='bbox 187 2928 352 2996; x_wconf 79' lang='lat' dir='ltr'><strong>Aeschylos«</strong></span> <span class='ocrx_word' id='word_1_212' title='bbox 373 2947 400 2997; x_wconf 93' lang='lat' dir='ltr'><strong>p.</strong></span> <span class='ocrx_word' id='word_1_213' title='bbox 414 2928 476 2997; x_wconf 84' lang='grc'><strong>257)</strong></span> <span class='ocrx_word' id='word_1_214' title='bbox 502 2923 669 2980; x_wconf 68' lang='grc' dir='ltr'><strong><em>ἀντιτυποῦν</em></strong></span> <span class='ocrx_word' id='word_1_215' title='bbox 691 2926 872 2996; x_wconf 81' lang='lat' dir='ltr'><strong>praeferenda</strong></span> <span class='ocrx_word' id='word_1_216' title='bbox 894 2928 943 2995; x_wconf 84' lang='lat' dir='ltr'><strong>sit,</strong></span> <span class='ocrx_word' id='word_1_217' title='bbox 969 2928 1163 2981; x_wconf 86' lang='lat' dir='ltr'><strong>difficillimum</strong></span> <span class='ocrx_word' id='word_1_218' title='bbox 1183 2931 1226 2980; x_wconf 88' lang='lat' dir='ltr'><strong>est</strong></span> 
     </span>
     <span class='ocr_line' id='line_1_27' title="bbox 123 3014 1223 3084; baseline -0.002 -15"><span class='ocrx_word' id='word_1_219' title='bbox 123 3017 158 3069; x_wconf 82' lang='lat' dir='ltr'><strong>ed</strong></span> <span class='ocrx_word' id='word_1_220' title='bbox 176 3016 395 3070; x_wconf 89' lang='lat' dir='ltr'><strong>discernendum.</strong></span> <span class='ocrx_word' id='word_1_221' title='bbox 431 3017 501 3070; x_wconf 89' lang='lat' dir='ltr'><strong>Mihi</strong></span> <span class='ocrx_word' id='word_1_222' title='bbox 519 3018 633 3084; x_wconf 87' lang='lat' dir='ltr'><strong>propter</strong></span> <span class='ocrx_word' id='word_1_223' title='bbox 651 3014 816 3067; x_wconf 74' lang='lat' dir='ltr'><strong>facilitatem</strong></span> <span class='ocrx_word' id='word_1_224' title='bbox 834 3016 966 3083; x_wconf 82' lang='lat' dir='ltr'><strong>majorem</strong></span> <span class='ocrx_word' id='word_1_225' title='bbox 988 3017 1108 3069; x_wconf 75' lang='lat' dir='ltr'><strong>maxime</strong></span> <span class='ocrx_word' id='word_1_226' title='bbox 1130 3016 1223 3084; x_wconf 87' lang='lat' dir='ltr'><strong>plecet</strong></span> 
     </span>
     <span class='ocr_line' id='line_1_28' title="bbox 123 3102 419 3171; baseline -0.01 -14"><span class='ocrx_word' id='word_1_227' title='bbox 123 3103 241 3171; x_wconf 87' lang='lat' dir='ltr'><strong>scriptio</strong></span> <span class='ocrx_word' id='word_1_228' title='bbox 259 3102 419 3155; x_wconf 82' lang='lat' dir='ltr'><strong>Hermanni.</strong></span> 
     </span>
    </p>

    <p class='ocr_par' dir='ltr' id='par_1_5' title="bbox 121 3178 1224 3433">
     <span class='ocr_line' id='line_1_29' title="bbox 192 3178 1224 3263; baseline -0.001 -22"><span class='ocrx_word' id='word_1_229' title='bbox 192 3190 214 3257; x_wconf 79' lang='lat'><strong>²)</strong></span> <span class='ocrx_word' id='word_1_230' title='bbox 251 3188 309 3256; x_wconf 79' lang='lat' dir='ltr'><strong>Quo</strong></span> <span class='ocrx_word' id='word_1_231' title='bbox 326 3189 387 3243; x_wconf 88' lang='lat' dir='ltr'><strong>loco</strong></span> <span class='ocrx_word' id='word_1_232' title='bbox 406 3206 489 3258; x_wconf 89' lang='lat' dir='ltr'><strong>quum</strong></span> <span class='ocrx_word' id='word_1_233' title='bbox 507 3179 653 3242; x_wconf 86' lang='lat' dir='ltr'><strong>Mediceus¹</strong></span> <span class='ocrx_word' id='word_1_234' title='bbox 668 3178 825 3257; x_wconf 85' lang='lat' dir='ltr'><strong>suppeditet</strong></span> <span class='ocrx_word' id='word_1_235' title='bbox 841 3183 959 3260; x_wconf 83' lang='grc' dir='ltr'><strong><em>Πριάμω</em></strong></span> <span class='ocrx_word' id='word_1_236' title='bbox 978 3186 1116 3247; x_wconf 78' lang='grc' dir='ltr'><strong><em>ἀντίδικος</em></strong></span> <span class='ocrx_word' id='word_1_237' title='bbox 1133 3189 1224 3263; x_wconf 79' lang='lat' dir='ltr'><strong>Euge-</strong></span> 
     </span>
     <span class='ocr_line' id='line_1_30' title="bbox 122 3273 1224 3347; baseline -0.002 -18"><span class='ocrx_word' id='word_1_238' title='bbox 122 3295 169 3329; x_wconf 84' lang='lat' dir='ltr'><strong>rus</strong></span> <span class='ocrx_word' id='word_1_239' title='bbox 188 3278 281 3346; x_wconf 88' lang='lat' dir='ltr'><strong>posuit</strong></span> <span class='ocrx_word' id='word_1_240' title='bbox 298 3273 418 3347; x_wconf 76' lang='grc' dir='ltr'><strong><em>Πριάμῳ</em></strong></span> <span class='ocrx_word' id='word_1_241' title='bbox 435 3276 464 3330; x_wconf 94' lang='lat' dir='ltr'><strong>id</strong></span> <span class='ocrx_word' id='word_1_242' title='bbox 483 3276 556 3344; x_wconf 90' lang='lat' dir='ltr'><strong>quod</strong></span> <span class='ocrx_word' id='word_1_243' title='bbox 573 3275 641 3328; x_wconf 92' lang='lat' dir='ltr'><strong>mihi</strong></span> <span class='ocrx_word' id='word_1_244' title='bbox 659 3280 734 3328; x_wconf 87' lang='lat' dir='ltr'><strong>recto</strong></span> <span class='ocrx_word' id='word_1_245' title='bbox 753 3275 851 3329; x_wconf 85' lang='lat' dir='ltr'><strong>fecisse</strong></span> <span class='ocrx_word' id='word_1_246' title='bbox 870 3294 925 3330; x_wconf 92' lang='lat' dir='ltr'><strong>non</strong></span> <span class='ocrx_word' id='word_1_247' title='bbox 943 3278 1054 3330; x_wconf 88' lang='lat' dir='ltr'><strong>videtur</strong></span> <span class='ocrx_word' id='word_1_248' title='bbox 1071 3295 1156 3345; x_wconf 90' lang='lat' dir='ltr'><strong>quum</strong></span> <span class='ocrx_word' id='word_1_249' title='bbox 1174 3274 1224 3328; x_wconf 82' lang='grc' dir='ltr'><strong>ἀν-</strong></span> 
     </span>
     <span class='ocr_line' id='line_1_31' title="bbox 121 3363 797 3433; baseline 0.001 -19"><span class='ocrx_word' id='word_1_250' title='bbox 121 3363 225 3421; x_wconf 84' lang='grc' dir='ltr'><strong><em>τίδικος</em></strong></span> <span class='ocrx_word' id='word_1_251' title='bbox 242 3364 312 3416; x_wconf 91' lang='lat' dir='ltr'><strong>nihil</strong></span> <span class='ocrx_word' id='word_1_252' title='bbox 331 3381 390 3416; x_wconf 87' lang='lat' dir='ltr'><strong>esso</strong></span> <span class='ocrx_word' id='word_1_253' title='bbox 408 3364 496 3433; x_wconf 89' lang='lat' dir='ltr'><strong>possit</strong></span> <span class='ocrx_word' id='word_1_254' title='bbox 513 3363 567 3416; x_wconf 88' lang='lat' dir='ltr'><strong>nisi</strong></span> <span class='ocrx_word' id='word_1_255' title='bbox 585 3364 797 3416; x_wconf 82' lang='lat' dir='ltr'><strong>substantivum.</strong></span> 
     </span>
    </p>

    <p class='ocr_par' dir='ltr' id='par_1_6' title="bbox 104 3449 1224 3781">
     <span class='ocr_line' id='line_1_32' title="bbox 193 3449 1224 3519; baseline 0.001 -16"><span class='ocrx_word' id='word_1_256' title='bbox 193 3451 216 3519; x_wconf 80' lang='lat'><strong>3)</strong></span> <span class='ocrx_word' id='word_1_257' title='bbox 251 3452 424 3503; x_wconf 84' lang='lat' dir='ltr'><strong>Hermsnnus</strong></span> <span class='ocrx_word' id='word_1_258' title='bbox 443 3452 478 3504; x_wconf 85' lang='lat' dir='ltr'><strong>sd</strong></span> <span class='ocrx_word' id='word_1_259' title='bbox 496 3449 576 3504; x_wconf 83' lang='lat' dir='ltr'><strong>Eum.</strong></span> <span class='ocrx_word' id='word_1_260' title='bbox 596 3451 666 3505; x_wconf 74' lang='lat'>774?</span> <span class='ocrx_word' id='word_1_261' title='bbox 703 3451 738 3503; x_wconf 85' lang='lat' dir='ltr'><strong>cf.</strong></span> <span class='ocrx_word' id='word_1_262' title='bbox 757 3449 888 3503; x_wconf 89' lang='lat' dir='ltr'><strong>Weilium</strong></span> <span class='ocrx_word' id='word_1_263' title='bbox 907 3451 984 3504; x_wconf 84' lang='lat' dir='ltr'><strong>adv.</strong></span> <span class='ocrx_word' id='word_1_264' title='bbox 1007 3451 1066 3518; x_wconf 82' lang='grc'>752,</span> <span class='ocrx_word' id='word_1_265' title='bbox 1095 3452 1142 3518; x_wconf 84' lang='lat' dir='ltr'><strong>qui</strong></span> <span class='ocrx_word' id='word_1_266' title='bbox 1161 3451 1224 3519; x_wconf 88' lang='lat' dir='ltr'><strong>jure</strong></span> 
     </span>
     <span class='ocr_line' id='line_1_33' title="bbox 120 3537 610 3593; baseline -0.006 0"><span class='ocrx_word' id='word_1_267' title='bbox 120 3539 193 3593; x_wconf 82' lang='lat' dir='ltr'><strong>huno</strong></span> <span class='ocrx_word' id='word_1_268' title='bbox 211 3539 443 3592; x_wconf 86' lang='lat' dir='ltr'><strong>constructionem</strong></span> <span class='ocrx_word' id='word_1_269' title='bbox 462 3537 610 3591; x_wconf 82' lang='lat' dir='ltr'><strong>damnavit.</strong></span> 
     </span>
     <span class='ocr_line' id='line_1_34' title="bbox 104 3622 1224 3693; baseline -0.001 -15"><span class='ocrx_word' id='word_1_270' title='bbox 104 3636 106 3640; x_wconf 84' lang='grc'><strong>“</strong></span> <span class='ocrx_word' id='word_1_271' title='bbox 190 3624 213 3693; x_wconf 74' lang='grc'><strong>4)</strong></span> <span class='ocrx_word' id='word_1_272' title='bbox 249 3626 364 3679; x_wconf 87' lang='lat' dir='ltr'><strong>Prorsus</strong></span> <span class='ocrx_word' id='word_1_273' title='bbox 389 3625 489 3677; x_wconf 84' lang='lat' dir='ltr'><strong>similia</strong></span> <span class='ocrx_word' id='word_1_274' title='bbox 514 3629 578 3677; x_wconf 87' lang='lat' dir='ltr'><strong>sunt</strong></span> <span class='ocrx_word' id='word_1_275' title='bbox 606 3625 691 3678; x_wconf 85' lang='lat' dir='ltr'><strong>verba</strong></span> <span class='ocrx_word' id='word_1_276' title='bbox 719 3625 746 3677; x_wconf 89' lang='lat' dir='ltr'><strong>in</strong></span> <span class='ocrx_word' id='word_1_277' title='bbox 770 3623 835 3677; x_wconf 84' lang='lat' dir='ltr'><strong>Eur.</strong></span> <span class='ocrx_word' id='word_1_278' title='bbox 860 3624 933 3677; x_wconf 89' lang='lat' dir='ltr'><strong>Med.</strong></span> <span class='ocrx_word' id='word_1_279' title='bbox 957 3624 1027 3676; x_wconf 83' lang='grc'>2176</span> <span class='ocrx_word' id='word_1_280' title='bbox 1053 3622 1224 3692; x_wconf 84' lang='grc' dir='ltr'><strong><em>ἀντίμολπος</em></strong></span> 
     </span>
     <span class='ocr_line' id='line_1_35' title="bbox 120 3706 393 3781; baseline -0.018 -18"><span class='ocrx_word' id='word_1_281' title='bbox 120 3710 251 3781; x_wconf 74' lang='grc' dir='ltr'><strong><em>όλολυγῆς</em></strong></span> <span class='ocrx_word' id='word_1_282' title='bbox 270 3706 393 3767; x_wconf 87' lang='grc' dir='ltr'><strong><em>κωκυτός.</em></strong></span> 
     </span>
    </p>

    <p class='ocr_par' dir='ltr' id='par_1_7' title="bbox 190 3797 1223 3868">
     <span class='ocr_line' id='line_1_36' title="bbox 190 3797 1223 3868; baseline 0.002 -17"><span class='ocrx_word' id='word_1_283' title='bbox 190 3799 212 3866; x_wconf 80' lang='grc'><strong>5)</strong></span> <span class='ocrx_word' id='word_1_284' title='bbox 248 3799 317 3851; x_wconf 87' lang='lat' dir='ltr'><strong>Duri</strong></span> <span class='ocrx_word' id='word_1_285' title='bbox 329 3799 440 3865; x_wconf 85' lang='lat' dir='ltr'><strong>quidem</strong></span> <span class='ocrx_word' id='word_1_286' title='bbox 457 3797 560 3865; x_wconf 78' lang='lat' dir='ltr'><strong>aliquid</strong></span> <span class='ocrx_word' id='word_1_287' title='bbox 573 3798 642 3852; x_wconf 87' lang='lat' dir='ltr'><strong>haec</strong></span> <span class='ocrx_word' id='word_1_288' title='bbox 654 3797 707 3851; x_wconf 90' lang='lat' dir='ltr'><strong>loci</strong></span> <span class='ocrx_word' id='word_1_289' title='bbox 720 3798 868 3865; x_wconf 82' lang='lat' dir='ltr'><strong>explicatio</strong></span> <span class='ocrx_word' id='word_1_290' title='bbox 880 3798 981 3851; x_wconf 88' lang='lat' dir='ltr'><strong>hebere</strong></span> <span class='ocrx_word' id='word_1_291' title='bbox 994 3799 1118 3867; x_wconf 65' lang='lat' dir='ltr'><strong>videtum</strong></span> <span class='ocrx_word' id='word_1_292' title='bbox 1138 3818 1223 3868; x_wconf 87' lang='lat' dir='ltr'><strong>quare</strong></span> 
     </span>
    </p>
   </div>
   <div class='ocr_carea' id='block_1_5' title="bbox 10 3882 1221 3960">
    <p class='ocr_par' dir='ltr' id='par_1_8' title="bbox 10 3882 1221 3960">
     <span class='ocr_line' id='line_1_37' title="bbox 10 3882 1221 3960; baseline 0.002 -21"><span class='ocrx_word' id='word_1_293' title='bbox 10 3951 14 3960; x_wconf 37' lang='grc' dir='ltr'>Ι</span> <span class='ocrx_word' id='word_1_294' title='bbox 120 3886 261 3954; x_wconf 85' lang='lat' dir='ltr'><strong>quaeritur</strong></span> <span class='ocrx_word' id='word_1_295' title='bbox 279 3902 314 3937; x_wconf 83' lang='lat' dir='ltr'><strong>en</strong></span> <span class='ocrx_word' id='word_1_296' title='bbox 332 3902 387 3938; x_wconf 92' lang='lat' dir='ltr'><strong>non</strong></span> <span class='ocrx_word' id='word_1_297' title='bbox 406 3885 497 3952; x_wconf 86' lang='lat' dir='ltr'><strong>aptius</strong></span> <span class='ocrx_word' id='word_1_298' title='bbox 516 3885 552 3937; x_wconf 88' lang='lat' dir='ltr'><strong>sit</strong></span> <span class='ocrx_word' id='word_1_299' title='bbox 570 3902 655 3954; x_wconf 84' lang='lat' dir='ltr'><strong>parva</strong></span> <span class='ocrx_word' id='word_1_300' title='bbox 672 3885 826 3938; x_wconf 83' lang='lat' dir='ltr'><strong>mutatione</strong></span> <span class='ocrx_word' id='word_1_301' title='bbox 844 3885 928 3938; x_wconf 88' lang='lat' dir='ltr'><strong>scribi</strong></span> <span class='ocrx_word' id='word_1_302' title='bbox 952 3882 1123 3956; x_wconf 82' lang='grc' dir='ltr'><strong><em>οὐτότολμον</em></strong></span> <span class='ocrx_word' id='word_1_303' title='bbox 1141 3888 1221 3955; x_wconf 86' lang='lat' dir='ltr'><strong>quod,</strong></span> 
     </span>
    </p>
   </div>
   <div class='ocr_carea' id='block_1_6' title="bbox 119 3970 1221 4128">
    <p class='ocr_par' dir='ltr' id='par_1_9' title="bbox 119 3970 1221 4128">
     <span class='ocr_line' id='line_1_38' title="bbox 119 3970 1221 4041; baseline 0.001 -17"><span class='ocrx_word' id='word_1_304' title='bbox 119 3977 151 4025; x_wconf 91' lang='lat' dir='ltr'><strong>ut</strong></span> <span class='ocrx_word' id='word_1_305' title='bbox 168 3990 255 4040; x_wconf 87' lang='lat' dir='ltr'><strong>nuper</strong></span> <span class='ocrx_word' id='word_1_306' title='bbox 272 3973 337 4039; x_wconf 82' lang='lat' dir='ltr'><strong>vidi,</strong></span> <span class='ocrx_word' id='word_1_307' title='bbox 356 3973 440 4024; x_wconf 85' lang='lat' dir='ltr'><strong>etism</strong></span> <span class='ocrx_word' id='word_1_308' title='bbox 457 3971 584 4025; x_wconf 89' lang='lat' dir='ltr'><strong>Meineke</strong></span> <span class='ocrx_word' id='word_1_309' title='bbox 602 3973 746 4041; x_wconf 89' lang='lat' dir='ltr'><strong>proposuit</strong></span> <span class='ocrx_word' id='word_1_310' title='bbox 763 3973 792 4025; x_wconf 87' lang='lat' dir='ltr'><strong>in</strong></span> <span class='ocrx_word' id='word_1_311' title='bbox 810 3972 908 4026; x_wconf 89' lang='lat' dir='ltr'><strong>Philol.</strong></span> <span class='ocrx_word' id='word_1_312' title='bbox 931 3976 971 4041; x_wconf 82' lang='lat'><strong>19,</strong></span> <span class='ocrx_word' id='word_1_313' title='bbox 985 3976 1058 4026; x_wconf 84' lang='grc'>226.·</span> <span class='ocrx_word' id='word_1_314' title='bbox 1083 3973 1118 4027; x_wconf 78' lang='lat' dir='ltr'><strong>oi.</strong></span> <span class='ocrx_word' id='word_1_315' title='bbox 1139 3970 1221 4026; x_wconf 82' lang='grc' dir='ltr'><strong><em>ιιάτό-</em></strong></span> 
     </span>
     <span class='ocr_line' id='line_1_39' title="bbox 120 4053 957 4128; baseline 0.004 -18"><span class='ocrx_word' id='word_1_316' title='bbox 120 4061 216 4124; x_wconf 71' lang='grc' dir='ltr'><strong><em>βουλος</em></strong></span> <span class='ocrx_word' id='word_1_317' title='bbox 233 4058 308 4128; x_wconf 87' lang='lat' dir='ltr'><strong>Sept.</strong></span> <span class='ocrx_word' id='word_1_318' title='bbox 329 4060 404 4127; x_wconf 79' lang='lat'>1053,</span> <span class='ocrx_word' id='word_1_319' title='bbox 424 4054 594 4123; x_wconf 79' lang='grc' dir='ltr'><strong><em>αὐτόκλητος,</em></strong></span> <span class='ocrx_word' id='word_1_320' title='bbox 613 4053 780 4118; x_wconf 83' lang='grc' dir='ltr'><strong><em>αὐτόσσυτος</em></strong></span> <span class='ocrx_word' id='word_1_321' title='bbox 797 4060 877 4113; x_wconf 89' lang='lat' dir='ltr'><strong>Eum.</strong></span> <span class='ocrx_word' id='word_1_322' title='bbox 899 4060 957 4113; x_wconf 83' lang='lat'>170.</span> 
     </span>
    </p>
   </div>
   <div class='ocr_carea' id='block_1_7' title="bbox 0 0 1432 4776">
    <p class='ocr_par' dir='ltr' id='par_1_10' title="bbox 0 0 1432 4776">
     <span class='ocr_line' id='line_1_40' title="bbox 0 0 1432 4776; baseline 0 0"><span class='ocrx_word' id='word_1_323' title='bbox 0 0 1432 4776; x_wconf 95' lang='lat' dir='ltr'><strong> </strong></span> 
     </span>
    </p>
   </div>
  </div>
 </body>
</html>
