2856 4776
718 393 852 461 78,

189 574 375 657 primariam
404 577 468 641 vim
498 574 596 639 habet
625 570 781 662 ,σφάζειν
810 575 856 639 ita
886 580 922 639 ut
948 596 999 639 res
1028 581 1171 640 mactata
1200 575 1291 639 humi

186 676 329 758 jaceat“,
360 682 397 740 ut
419 678 517 741 etiam
540 698 598 740 nos
621 678 755 741 dicimus
778 678 1078 757 „niedermetaeln“;
1116 679 1160 741 sic
1182 698 1233 742 res
1257 698 1291 742 se

190 777 287 842 habet
309 780 342 841 in
365 779 532 862 permultis
554 779 752 862 compositis:
791 775 1027 858 κατακτείνειν,
1058 775 1292 843 καταθάπτειν

190 880 262 960 (Ag.
290 885 397 961 1553);
435 875 624 959 καταίθειν,
660 882 900 960 καταιθαλσῢν,
932 877 1173 961 sordidantur,
1207 881 1290 944 aliis.

191 980 253 1045 Sed
275 987 349 1044 suut
370 983 474 1046 multa
496 982 569 1061 alia,
594 983 633 1047 ad
658 1005 739 1066 quae
762 984 841 1049 haec
863 984 974 1066 regula
996 1006 1060 1048 non
1082 984 1232 1067 quadram
1256 984 1291 1047 in

190 1082 304 1165 quibus
326 1080 410 1148 κατά
434 1083 593 1167 signifieat
615 1092 792 1166 „accurate
814 1087 950 1170 ponitus,
978 1107 1077 1169 usque
1099 1085 1139 1150 ad
1155 1085 1291 1166 finem“;

190 1205 229 1248 ea
251 1207 438 1250 enumerare
462 1191 495 1250 et
517 1186 646 1270 longum
669 1192 731 1268 est,
754 1193 788 1252 et
810 1208 1095 1272 supervacaneum,
1119 1209 1216 1271 quum
1240 1208 1293 1251 res

190 1288 233 1350 sit
254 1288 430 1352 notissima.
454 1327 496 1336 --
531 1289 578 1352 Eo
606 1310 731 1372 quoque
759 1290 868 1355 labore
891 1289 1101 1373 supersedebo
1124 1291 1228 1354 dicere
1253 1289 1293 1353 de

190 1390 344 1471 ejusmodi
372 1391 554 1475 compositis
583 1412 665 1474 quae
693 1413 804 1457 revera
830 1414 888 1476 pro
911 1393 1058 1457 crucibus
1078 1394 1293 1476 interpretum

190 1490 338 1556 habenda
359 1499 442 1557 suut.
489 1493 571 1558 Sane
593 1494 717 1558 mireris
739 1496 972 1579 discrepantias
988 1494 1238 1578 explicationum
1260 1500 1294 1557 et
1364 1499 1367 1503 ’

189 1593 328 1675 ineptias
358 1615 438 1676 quas
466 1594 559 1658 multi
588 1594 732 1660 homines
760 1598 844 1661 docti
873 1596 1077 1680 protulerunt
1099 1598 1138 1661 de
1161 1596 1293 1660 vocibus

189 1683 371 1780 κατηρεφής
405 1696 495 1759 Eum.
529 1700 605 1776 2943
645 1695 849 1785 καιηρινκιός
877 1704 955 1776 4733
995 1701 1294 1785 καταφθατεῒσθαι

191 1800 267 1877 398;
290 1796 573 1885 κατερρινημένους
598 1799 707 1884 Suppl.
733 1807 809 1881 7473
838 1797 990 1878 κάτσικσς
1012 1804 1068 1885 Ag.
1098 1806 1187 1882 1286,
1211 1801 1294 1866 mul-

190 1899 232 1963 tis
255 1899 335 1963 aliis.
1145 1951 1150 1957 .

692 2138 791 2198 AIA.

280 2300 306 2359 l.
352 2297 402 2359 De
414 2297 541 2381 forma.
589 2297 763 2378 Aeschylus
785 2296 870 2360 solus
892 2292 947 2362 διά
966 2299 1152 2381 produxisse
1168 2269 1296 2361 videtur

190 2401 225 2463 in
249 2395 318 2464 διαί
336 2401 374 2482 ¹),
403 2401 459 2463 sed
481 2420 654 2481 numquam
677 2400 739 2463 uisi
760 2400 1009 2464 in-carminibus
1031 2400 1138 2481 lyricis
1160 2399 1294 2481 conjun-

191 2506 244 2565 cta
265 2507 314 2566 est
335 2501 414 2565 haec
434 2502 628 2585 praepositio
651 2521 723 2565 cum
746 2503 891 2586 genetivo
922 2500 974 2585 (cf.
998 2502 1116 2584 Krueg.
1143 2501 1185 2564 11.
1209 2503 1238 2578 2,
1263 2504 1292 2578 2,

193 2605 273 2686 312).
318 2604 421 2668 Locus
441 2605 474 2667 in
498 2603 574 2668 cho.
593 2608 654 2667 656
677 2626 740 2687 quo
763 2604 863 2668 codex
885 2603 1019 2686 praebet
1033 2596 1208 2685 Αἰγίσθου
1223 2596 1296 2665 διαί

192 2748 397 2757 -ᾳ-..ή--μφ-

191 2856 197 2866 ,
266 2814 285 2883 ¹)
320 2814 491 2881 Hartungius
509 2812 555 2880 qui
573 2812 675 2866 formas
699 2812 760 2864 διαί
776 2818 803 2867 et
822 2809 894 2864 ὑπαί
909 2830 1020 2882 prorsus
1039 2814 1142 2866 alienas
1159 2815 1241 2882 putat
1259 2813 1296 2865 ab

192 2921 243 2958 usu
262 2903 419 2956 Atticorum
437 2900 482 2969 (cf.
501 2901 591 2966 ipsum
609 2901 644 2952 ad
662 2902 715 2968 Ag.
733 2903 798 2967 8213
817 2900 896 2954 Eum.
911 2903 976 2969 3963
995 2902 1046 2970 Ag.
1060 2903 1128 2970 4045
1147 2901 1210 2954 cho.
1225 2900 1294 2967 5783

192 2992 226 3043 fr⁴
244 3009 271 3060 p.
287 2989 364 3057 101),
382 2989 475 3041 neseio
494 3003 548 3055 qua
566 3003 648 3039 causa
666 2973 776 3055 duetus,
796 2988 869 3041 locos
888 3006 981 3041 omues
1000 2989 1099 3056 quibus
1118 2991 1228 3049 exstant
1247 3005 1296 3040 au-

193 3079 288 3131 dacter
305 3077 431 3130 mutavit.
468 3074 579 3129 Confido
598 3091 690 3127 omnes
710 3076 768 3143 ejus
787 3076 887 3144 agendi
900 3077 1033 3128 rationem
1052 3075 1226 3127 falsissimam
1247 3075 1296 3127 ha-

191 3167 298 3219 bituros
317 3181 384 3218 esse.

263 3253 285 3319 ²)
320 3252 422 3305 Contra
440 3249 511 3302 haue
528 3249 618 3319 legem
636 3248 742 3302 faciunt
760 3251 844 3304 verba
861 3250 910 3301 illa
928 3250 1102 3318 grammatici
1124 3250 1153 3301 in
1172 3249 1296 3302 Crameri

192 3341 297 3395 Anecd.
317 3339 403 3392 Oxou.
421 3338 442 3390 Ι.
461 3355 487 3404 p.
503 3338 560 3404 119,
578 3339 625 3405 103
655 3337 748 3391 Herm,
767 3338 800 3392 fr.
819 3341 888 3390 4⁵5:
921 3331 996 3407 παρὰ
1015 3334 1047 3389 δὲ
1059 3334 1296 3407 Ἀττικοῖςπρος-

193 3425 359 3500 λαμβάνεται
377 3428 424 3495 (sc.
444 3419 550 3491 1ιι1)ιὸ
570 3426 636 3475 ἰῶτα
654 3426 700 3475 καὶ
719 3426 824 3492 γίνεταὶ
843 3423 904 3475 deul
926 3426 972 3475 καὶ
996 3420 1176 3476 συντάσσεται
1200 3427 1298 3496 γεννικῇ

195 3517 241 3567 καὶ
260 3512 422 3584 ἰσοδινναμεῑ
439 3513 477 3578 τῷ
495 3509 586 3565 irena:
610 3515 688 3562 πᾶσα
706 3507 760 3582 γὰρ
1004 3560 1005 3564 ,

455 3600 540 3670 Τροία
559 3597 689 3670 δέδορκεν
703 3594 832 3669 Ἕκτορος
848 3594 932 3667 τύχης
950 3596 1016 3649 διαί.

193 3688 271 3755 Quod
293 3686 477 3755 fragmentum
501 3690 596 3754 aperte
619 3704 682 3755 pars
706 3687 760 3740 fuit
786 3687 889 3756 dialogi
914 3687 1063 3754 cujusdam.
1105 3686 1206 3739 Forma
1229 3702 1296 3739 vero

194 3775 255 3826 διαί
276 3776 386 3827 omnino
411 3775 566 3828 necessaria
591 3792 647 3827 non
673 3778 715 3828 est
739 3792 823 3842 quum
848 3792 900 3828 vox
918 3775 1008 3844 posita
1026 3773 1108 3826 sitin
1127 3777 1206 3827 sexto
1224 3775 1295 3841 pede

193 3864 238 3933 (ef.
257 3863 308 3932 Ag.
328 3862 399 3928 590).
441 3863 510 3914 Mihi
534 3863 699 3929 persuadere
721 3877 826 3928 nequeo
851 3865 883 3914 ut
906 3865 1001 3930 putem
1025 3861 1078 3915 hoc
1103 3863 1210 3914 rectum
1234 3877 1295 3914 esse

192 3951 326 4019 imprimis
352 3965 436 4018 quum
460 3949 544 4002 verba
569 3953 699 4018 corrupta
724 3950 878 4002 videantur.
920 3949 1081 4003 Veresimile
1098 3949 1166 4002 mihi
1184 3948 1296 4002 videtur

194 4039 405 4108 grammaticum
424 4037 502 4090 illum
520 4037 617 4090 falsam
636 4036 760 4106 corrupti
778 4037 881 4091 codicis
899 4036 1046 4092 lectionem
1063 4039 1128 4116 ante
1140 4037 1233 4090 oculos
1246 4035 1294 4089 ha-
