2856 4776
691 411 732 472 ’41

160 595 299 677 alicujus
321 594 368 658 rei
391 594 440 658 vel
460 596 503 658 ‘in
531 592 714 658 universum
734 615 806 658 eam
827 615 894 659 rem
917 613 999 677 quae
1022 593 1063 656 ad
1085 592 1262 674 transigen-

160 697 237 762 dam
266 697 424 761 actionem
455 696 703 761 commodaverit
729 716 876 780 operam,
909 695 965 778 qui
991 715 1067 758 usus
1088 693 1264 778 permultas

160 800 357 865 sudationes
384 797 532 862 molitur:
567 800 600 876 α)
630 794 666 860 ἐκ
695 798 901 881 conjungitur
932 818 1019 862 cum,
1036 795 1140 860 verbis
1156 786 1261 873 εἶναι,

161 896 347 986 γίγνεσθαι,
363 895 567 983 βλαστάνεγν,
584 897 778 985 πεφυκέναι,
801 900 881 979 aliie,
898 921 980 983 quae
995 921 1060 965 non
1075 910 1148 963 raro
1163 918 1263 981 quum
1348 937 1351 945 ·

161 1003 279 1068 desunt
301 1002 520 1068 subaudienda
541 1007 627 1067 sunt
672 1002 775 1067 Prom.
794 1007 855 1066 599
878 1006 986 1067 πᾶσαι
1001 1000 1111 1083 τέχναι
1131 1001 1263 1084 βροτοῖ-ο

162 1113 215 1170 σιν
244 1101 282 1168 ἐκ
310 1101 520 1191 Προμηθέως
553 1124 682 1185 „omnes
710 1109 796 1168 artes
825 1103 1014 1170 mortalibus
1040 1102 1264 1187 suppeditatae

162 1211 280 1274 sunta
294 1206 523 1286 Promethe0“;
544 1207 602 1288 Ap
621 1210 681 1270 755
706 1204 741 1270 ἐκ
764 1199 793 1269 d'
808 1200 939 1289 άγαθᾶς
959 1203 1057 1286 τύχας
1077 1203 1161 1290 γένει
1182 1205 1264 1288 βία-

163 1305 293 1393 merny
310 1301 493 1394 ἀκόρεστον
514 1303 618 1388 οἰζόνς
646 1308 737 1371 Eum.
758 1313 823 1372 ’535
848 1305 883 1372 ἐκ
905 1301 936 1372 δ’
957 1303 1079 1392 ὑγιείας
1098 1311 1224 1394 φρενῶν
1245 1302 1264 1370 ό

165 1414 270 1476 πᾶσιν
297 1404 397 1497 φίλος
424 1401 542 1492 όλβες,·
579 1408 688 1494 Suppl.
712 1414 775 1474 459
807 1408 843 1474 ἐκ
872 1411 974 1475 τῶνδε
1004 1407 1114 1474 τοίνυν
1141 1406 1265 1497 μηχανὴ

163 1508 246 1599 καλή
272 1513 299 1578 i.
323 1534 349 1578 e.
382 1513 466 1579 idem
499 1513 584 1595 quod
613 1510 649 1576 ἐν
675 1503 783 1588 τοῖςόε
812 1508 919 1578 ἔνεστι
948 1509 1071 1600 μηχανὴ
1098 1508 1179 1599 καλή
1195 1511 1263 1589 ¹(of.

163 1616 267 1681 Prom.
293 1619 385 1693 381);
424 1614 515 1679 Eum.
541 1620 601 1680 797
633 1612 669 1679 ἐκ
691 1610 775 1692 Διὸς
797 1612 933 1702 λαμπρά
950 1611 1120 1703 μαρτύρια
1138 1617 1266 1702 παρῆν,

162 1718 252 1802 Sept·
275 1721 336 1782 594
359 1714 396 1796 ἐξ
412 1705 454 1802 ἧς
469 1718 532 1799 (σε.
555 1714 686 1803 φρενὸς)
708 1713 749 1780 τὰ
771 1715 868 1782 κεδνὰ
889 1715 1064 1801 βλαστάνει
1085 1714 1265 1801 (tectorium

161 1840 231 1884 τα..
258 1819 354 1885 -Num
375 1819 578 1885 Hermannus
599 1820 639 1883 in·
657 1820 743 1902 Sept.
770 1825 828 1884 147
852 1822 958 1903 (161),
970 1822 1046 1903 ‘qui
1072 1841 1182 1886 vernus
1211 1820 1265 1884 de·

163 1928 317 2008 pravatus
340 1929 398 2007 est,
421 1945 480 2007 pro
496 1946 551 1986 και
543 1917 697 1986 Διόθεν
712 1925 799 1986 recte
813 1923 956 2006 posuerit
978 1920 1014 1986 ἐκ
1030 1918 1158 1987 Διόθεν
1173 1922 1265 1986 valde

164 2025 392 2105 dubitandum
429 2026 491 2090 nisi
521 2023 618 2089 fallor
645 2023 728 2088 tales
757 2024 883 2090 dicendi
911 2025 1052 2090 rationes
1083 2024 1264 2089 cumulatae

162 2127 249 2212 opud
271 2127 355 2192 solos
377 2128 497 2210 epicos,
531 2144 690 2209 nusquam
718 2126 895 2209 apuddtt'
886 2145 951 2191 roos
977 2128 1184 2193 inveniuntur
1212 2125 1263 2205 (cf.
1286 2194 1291 2206 ρ

162 2226 342 2296 Hesiodis.
366 2252 395 2292 κ.
418 2224 448 2316 ἡ.
473 2233 551 2293 763·
544 2229 694 2310 ἩΚναες
716 2249 763 2312 gr.
781 2250 826 2312 gr.
851 2228 1022 2309 ΙΙ.19,3,
1047 2229 1190 2312 3;11.8,
1210 2233 1264 2309 19;

166 2336 213 2410 17,
228 2335 316 2410 548;
347 2336 398 2410 21,
423 2336 507 2409 1991
559 2331 696 2395 Omnino
717 2329 892 2414 rejicienda
913 2336 962 2395 est
982 2333 1091 2414 opinio
1115 2280 1266 2396 Meinelrii

154 2434 220 2516 qui
241 2434 277 2498 in
298 2433 412 2497 Philol.
438 2438 486 2512 19,
510 2437 572 2498 220
602 2432 652 2496 vel
683 2428 812 2496 Διόθεν
833 2429 870 2496 ἐκ
898 2430 1137 2517 proposuit-
1174 2435 1210 2515 β)
1233 2432 1267 2498 Si

162 2533 200 2601 da
214 2534 346 2600 additur
360 2536 506 2618 genetivo
528 2555 548 2598 a
571 2535 769 2600 substantivo
792 2534 955 2618 pendenti,
977 2553 1102 2618 semper
1116 2555 1266 2620 magnam

163 2637 262 2703 habet
283 2637 348 2701 vim
370 2638 446 2719 quia
467 2643 576 2720 partes
598 2638 666 2719 agit
686 2638 784 2702 totius
800 2638 971 2702 enunciati.
1016 2636 1181 2702 Interdum
1194 2637 1266 2720 jure

164 2740 315 2819 audacia,
338 2761 404 2823 qua
426 2738 599 2823 Aeschylus
621 2740 654 2803 in
676 2739 737 2804 hoc
757 2739 909 2822 loquendi
931 2759 1046 2822 genera
1069 2739 1186 2819 utitur,
1211 2741 1267 2806 ad·

164 2843 320 2908 mirabilis
341 2848 399 2907 est
444 2842 535 2907 Eum.
561 2847 620 2906 331
653 2838 755 2924 όμνος
782 2839 817 2923 ἐξ
842 2835 991 2927 Ἐρινύων
1006 2843 1141 2922 ,cautio
1163 2863 1183 2906 ε
1206 2843 1275 2907 Fu:

165 2946 221 3010 riis
236 2945 361 3026 edita“;
385 2950 447 3009 934
469 2939 512 3008 τὰ
531 2940 592 3031 γάρ
615 2941 654 3008 ἓν
673 2943 840 3032 προτέρων
861 2937 1269 3032 άπλακήματα’,ΐεοίαοεε

166 3067 188 3108 a
209 3047 383 3129 majoribus
403 3047 602 3126 commissa“;
628 3046 737 3141 Suppl.
764 3052 823 3112 163
848 3054 880 3112 ε1
904 3053 963 3112 173
986 3051 1082 3134 μῆνις
1104 3043 1141 3110 ἐκ
1161 3050 1267 3126 dcciv,-

168 3145 243 3213 cho.
269 3151 330 3211 422
352 3141 492 3226 άσαντος
513 3146 549 3212 ἐκ
571 3145 694 3235 ματρὸς
715 3145 823 3230 θυμός
847 3151 915 3229 „ira
936 3169 1033 3231 quam
1056 3154 1160 3212 mater
1181 3148 1266 3214 fovet

164 3249 377 3335 implacabilis
400 3256 466 3316 est“
481 3256 522 3333 1);
547 3251 604 3336 Ag.
622 3256 685 3316 330
709 3247 745 3314 ἐκ
758 3245 863 3337 μάχης
876 3247 980 3328 πόνος
1003 3251 1169 3336 „fatigatio
1184 3272 1267 3334 quae

165 3352 353 3435 proeliando
376 3359 485 3418 coorta
506 3357 591 3432 est“;
618 3357 699 3418 1016
725 3348 817 3430 δόσις
841 3350 876 3418 ἐκ
898 3348 981 3430 Διός
1002 3376 1038 3418 τε
1055 3350 1111 3417 καὶ
1133 3351 1169 3435 ἐξ
1187 3345 1266 3418 άλό-

164 3475 229 3517 κων
251 3450 419 3533 ἐπετειάνς
459 3460 539 3520 1366
569 3451 726 3542 τεκμήρια
757 3453 794 3536 ἐξ
821 3450 1081 3580 οἰμωγμάτων,
1085 3446 1267 3521 testimonia

165 3575 248 3640 quae
269 3555 417 3619 nituntur
439 3557 649 3640 ejulatibus&
677 3563 759 3622 1479
781 3553 899 3644 κράτος
921 3556 957 3622 ἐκ
971 3562 1166 3641 γυναικῶν,
1170 3559 1267 3623 victo

163 3659 214 3723 ria
235 3678 255 3720 a
277 3655 411 3720 muliere
433 3663 598 3742 reportata
602 3659 744 3781 “;Sept.
763 3665 801 3725 61
828 3658 929 3725 πέδια
945 3653 1011 3724 δ”
990 3656 1149 3748 αργηστὴς
1163 3654 1268 3780 άφρρς

162 3755 286 3848 χραίνει
309 3755 540 3842 σταλαγμοῖςί
530 3765 680 3826 ιππινῶν
703 3758 738 3825 ἐκ
760 3756 957 3843 πνευμόνιον
1003 3759 1080 3828 Cho.
1105 3767 1165 3827 887
1190 3755 1267 3826 coii-
1313 3849 1314 3852 ρ

65 3933 68 3937 ,
163 3885 229 3940 πος
258 3860 295 3944 ἐξ
322 3855 520 3946 αἰνιγμάτων
549 3865 611 3944 (ita
639 3864 684 3928 ibi
713 3865 937 3948 compungenda
959 3871 1033 3930 sunt
1054 3865 1166 3944 verba,
1201 3887 1265 3929 nou

236 4077 255 4145 ¹)
292 4076 331 4132 ef.
353 4077 451 4160 falsam
468 4075 634 4132 Blomfieldii
652 4077 908 4147 interpretationem
925 4079 955 4133 in
974 4080 1057 4149 glore.
1074 4078 1140 4134 cho.
1160 4096 1186 4135 ν.
1204 4081 1265 4134 lle.
