2856 4776
699 403 740 466 39

168 574 390 655 Hemsterhus.
416 588 458 653 ad
479 588 576 652 Arist.
601 588 686 652 Plut.
711 609 742 670 p.
760 591 837 669 430)
855 591 899 669 ¹);
923 586 991 651 Cho
1014 590 1054 651 33
1078 588 1195 672 φοῖτος
1216 578 1272 671 ὀρ
1332 613 1334 618 ’
1365 635 1368 640 .

173 686 304 776 θόθριξ
324 688 361 770 ἐξ
379 685 485 753 donov
505 685 603 754 κότον
625 687 733 754 ττνὲων
755 687 871 771 (Schol.
896 681 970 753 ἀντὶ
992 690 1050 752 τοῦ
1072 680 1114 752 δι’
1136 689 1274 770 υπνου),·

169 794 263 859 Eum.
291 797 350 857 155
374 784 499 867 όνειδος
521 789 556 870 ἐξ
577 783 750 877 ὀνειράτων
771 786 889 871 μολόν,
922 811 1005 873 quae
1027 796 1189 873 postrema
1210 790 1274 857 for·

169 901 260 962 mata
289 916 358 959 esse
387 895 535 959 videntur
566 915 605 957 ex
635 893 785 976 analogia
806 893 975 958 locutionis
997 893 1273 975 frequentissimae

168 995 205 1065 ἐκ
227 999 352 1063 νυκτῶν
382 1001 515 1076 „noctu,
552 994 586 1059 in
616 1001 739 1072 nocte“‚
778 1015 876 1078 quam
898 1000 931 1058 et
951 995 1054 1078 ipsam
1077 995 1219 1061 invenies
1234 996 1274 1059 in

167 1101 245 1166 cho.
271 1103 332 1165 288
359 1094 499 1179 μάταιος
522 1094 557 1162 ἐκ
579 1100 701 1162 νυκτῶν
723 1093 828 1183 φόβος
845 1096 884 1180 2).
914 1095 1078 1185 Additum
1092 1098 1197 1163 verbis
1217 1117 1274 1161 an-

165 1201 314 1268 nectendi
337 1206 370 1265 ot
392 1200 594 1283 dependendi
616 1201 715 1264 etism
738 1199 824 1284 apud
846 1204 974 1282 poetam
997 1204 1142 1264 nostrum
1164 1196 1200 1264 ἐκ
1229 1201 1281 1264 le-.

166 1305 254 1389 gitur
274 1309 311 1368 ut
332 1304 360 1367 is
382 1303 471 1367 locus
493 1302 653 1367 indicetur
675 1324 714 1366 ex
737 1323 800 1385 quo
823 1301 903 1385 quid
923 1301 1051 1385 pendet.
1076 1301 1097 1365 i.
1115 1306 1176 1366 265
1198 1324 1272 1387 κρε-

167 1401 277 1487 μαστὰ
307 1399 387 1485 τόξα
416 1399 534 1481 πίτυος
563 1401 598 1468 ἐκ
626 1398 842 1489 μελανδρόους
878 1402 988 1485 Suppl.
1018 1408 1087 1467 465.
1117 1401 1153 1468 ἐκ
1177 1397 1273 1469 τῶνδ

169 1504 262 1584 ὅπως
279 1500 411 1588 τάχιστ’
439 1500 657 1590 α’ντόνχαοθαι
686 1509 794 1585 θεῶν,Ι
830 1505 886 1590 (cf.
910 1503 1007 1570 Thuc.
1033 1509 1061 1583 3,
1086 1509 1125 1568 sl
1149 1502 1186 1569 ἐκ
1208 1509 1272 1568 τῶν

166 1607 310 1696 ,δένδρων
330 1600 569 1692 ἀπάγχεσθαι).
595 1642 598 1645 -

249 1712 284 1793 b)
313 1710 437 1777 Deinde
466 1707 502 1774 ἐκ
532 1709 641 1776 multis
670 1710 748 1774 locis
777 1709 932 1792 originem
959 1715 992 1774 et
1013 1730 1113 1792 genus
1134 1707 1272 1775 hominis

164 1815 214 1880 rol
234 1815 283 1880 rei
300 1813 356 1879 ¹vel
376 1813 511 1879 actionis
534 1811 712 1897 significat,
747 1832 785 1875 ac
807 1811 936 1893 quidem
959 1814 994 1894 o)
1014 1817 1119 1876 ortum
1141 1831 1181 1874 ex
1201 1810 1271 1893 ipso

165 1921 270 2000 patrn-
284 1914 335 1979 rel
366 1922 469 1979 matre
497 1915 547 1979 vel
570 1915 729 1998 mqjorum
751 1913 850 1996 stirpe
872 1913 1019 1993 ductum,
1056 1933 1120 1994 qua
1141 1912 1271 1977 notione

166 2017 263 2083 otim
284 2009 355 2081 οἷπό
377 2017 562 2100 saepissime
584 2016 695 2080 utitur.
741 2014 853 2079 Multis
874 2014 1042 2098 exemplis,
1066 2021 1102 2080 ut
1123 2015 1271 2098 hoc-jam

164 2119 216 2185 hic
229 2140 409 2203 ponamus,
439 2117 633 2201 superfluum
663 2138 730 2182 esse
762 2113 798 2182 ἐκ
827 2122 860 2181 et
887 2116 928 2180 ob
957 2117 1059 2181 solam
1081 2116 1271 2201 gravitatem

163 2221 325 2305 adjectum
352 2221 463 2304 negari
485 2221 615 2304 nequit,
653 2219 811 2307 imprimis
832 2220 859 2283 si
881 2241 954 2285 cum
976 2219 1174 2285 substantivo
1196 2241 1271 2285 con·

159 2326 274 2408 juncta
295 2328 345 2388 est
365 2322 559 2406 praepositio
581 2322 637 2387 ubi
658 2322 823 2404 genetivus
846 2322 924 2387 satis
949 2342 1106 2404 superque
1128 2320 1271 2387 suffecis-

163 2432 220 2491 set.
279 2425 384 2508 Atque
417 2420 465 2488 ita
496 2424 581 2507 apud
612 2424 806 2506 Aeschylum
840 2445 967 2507 quoque
1000 2423 1160 2507 plerisque
1192 2422 1270 2488 locis

160 2528 354 2612 praepositio
376 2525 480 2604 deest,
514 2546 597 2608 quae
627 2546 726 2608 quum
754 2526 885 2592 additur
914 2547 978 2591 non
1002 2526 1104 2590 solum
1126 2525 1190 2589 vim
1212 2545 1269 2589 au·

160 2636 230 2714 gat,
263 2629 320 2693 sed
350 2649 445 2712 saepe
475 2649 548 2693 cum
571 2629 727 2694 brevitate
750 2629 891 2711 quadam
912 2629 1017 2693 locum
1046 2628 1146 2693 totius
1169 2647 1268 2692 enun-

161 2731 238 2796 ciati
253 2729 377 2814 explet.
424 2729 510 2813 Sept.
530 2734 590 2794 532
613 2723 683 2795 τόδ
705 2723 789 2818 αὐδᾷ
806 2727 934 2818 μητρὸς
956 2729 992 2811 ἐξ
1010 2723 1164 2816 ὀρεσκόου
1185 2723 1268 2812 βλά-

233 2940 253 3009 1)
288 2941 349 2995 Huc
372 2959 440 2997 voco
462 2941 548 2997 etiam
577 2943 668 2997 locum
693 2945 722 2998 in
747 2943 841 3013 Suppl.
863 2946 912 2997 165
932 2945 1014 3013 plane
1033 2943 1162 3012 similem,
1190 2942 1269 3011 cujus

163 3027 360 3096 explicationes
383 3030 475 3085 variae
501 3033 574 3085 sunt.
609 3031 738 3101 Plerique
758 3033 887 3102 χαλεποῦ
911 3031 943 3083 ἐκ
966 3025 1123 3102 πνεύματος
1145 3029 1270 3083 referunt

164 3113 199 3167 ad
216 3113 352 3169 Junonem
373 3134 403 3170 »a
421 3119 487 3171 deae
508 3119 586 3195 graui
605 3119 647 3171 ira
665 3119 785 3172 excitata
803 3119 932 3187 irrumpit
949 3120 1101 3187 procella«,
1122 3118 1170 3170 alii
1188 3118 1269 3170 aliter

161 3200 418 3270 interpretationem
442 3206 631 3260 instituerunt.
679 3206 778 3260 Nonne
804 3207 892 3259 multo
919 3206 1070 3275 simplicius
1096 3208 1138 3258 est
1160 3207 1268 3258 vertere

165 3288 309 3359 »irrumpit
326 3294 448 3360 procella
466 3313 529 3348 cum
547 3294 668 3349 violento
690 3293 772 3363 flatu;
791 3279 837 3347 im*
847 3309 966 3362 grouoen
983 3293 1092 3347 Sturme
1109 3292 1203 3347 bricht
1220 3293 1267 3346 des

160 3375 258 3432 Leides
279 3377 372 3433 Orkan
391 3382 450 3451 (auf
466 3382 510 3435 die
528 3383 568 3450 Io)
586 3381 719 3435 heremi«

231 3465 257 3533 ²)
290 3467 408 3522 Etiamsi
426 3486 559 3523 numerus
578 3469 714 3538 ejusmodi
730 3469 885 3522 dictionum
896 3465 933 3520 'in
951 3484 1076 3521 sermone
1090 3468 1194 3522 Graeco
1206 3484 1267 3536 per·

161 3569 279 3623 magnus
298 3559 341 3608 est
358 3559 387 3608 et
405 3557 553 3610 nonnullae
572 3555 708 3612 formulas
726 3556 829 3624 ubique
849 3557 960 3611 eaedem
983 3559 1146 3622 occurrunt,
1173 3560 1266 3611 tamen

160 3647 282 3711 constat,
308 3644 391 3712 longe
415 3645 523 3713 saepius
548 3646 631 3698 etiam
659 3662 675 3697 a
697 3645 786 3712 poetis
809 3647 956 3713 usurpatas
973 3661 1032 3696 esse
1050 3643 1267 3713 praepositiones

160 3728 208 3791 ἐν,
234 3725 282 3781 διό
302 3733 354 3784 etc.
399 3730 483 3800 Origo
501 3733 651 3784 multarum
668 3732 767 3784 harum
790 3730 942 3785 dictionum
966 3732 1083 3785 obscura
1104 3718 1171 3800 est,¹
1186 3736 1218 3785 ut
1236 3730 1266 3784 ἐκ

161 3821 275 3879 νυκτῶν,
295 3835 365 3887 quae
383 3819 418 3871 ab
438 3819 470 3871 ἐν
488 3823 567 3871 νυκτί
583 3820 697 3873 minime
714 3819 823 3872 diversa
842 3822 892 3871 est.
929 3819 963 3873 cf.
982 3819 1081 3872 Blomf.
1100 3820 1182 3890 gloss.
1201 3819 1265 3873 Cho.

162 3907 228 3973 2823
257 3905 291 3958 H.
310 3905 419 3974 Sauppe
438 3906 473 3958 ad
493 3907 634 3960 Demosth.
653 3907 723 3960 Phil.
745 3907 766 3973 1,
785 3907 801 3957 2
820 3907 862 3960 ed.
882 3907 977 3983 Gotlr.;
995 3907 1097 3962 Jacobs
1114 3907 1144 3961 in
1162 3907 1266 3959 anthol.

160 3991 249 4046 Palat.
267 3993 317 4046 III.
338 4011 365 4061 p.
385 3994 445 4046 332.
482 3994 572 4061 Quare
597 3995 695 4048 inutile
719 3999 762 4047 est
786 4000 815 4047 et
836 3995 1029 4064 rejiciendum,
1053 3995 1077 4050 si
1101 3994 1266 4050 artificiosae

160 4080 362 4150 explicationes
380 4083 583 4153 excogitantur.
