<?xml version="1.0" encoding="UTF-8"?>
<!DOCTYPE html PUBLIC "-//W3C//DTD XHTML 1.0 Transitional//EN"
    "http://www.w3.org/TR/xhtml1/DTD/xhtml1-transitional.dtd">
<html xmlns="http://www.w3.org/1999/xhtml" xml:lang="en" lang="en">
 <head>
  <title>
</title>
<meta http-equiv="Content-Type" content="text/html;charset=utf-8" />
  <meta name='ocr-system' content='tesseract 3.04.00' />
  <meta name='ocr-capabilities' content='ocr_page ocr_carea ocr_par ocr_line ocrx_word'/>
</head>
<body>
  <div class='ocr_page' id='page_1' title='image "./depraepositionu00menggoog_0020.png"; bbox 0 0 2856 4776; ppageno 0'>
   <div class='ocr_carea' id='block_1_1' title="bbox 698 425 735 485">
    <p class='ocr_par' dir='ltr' id='par_1_1' title="bbox 698 425 735 485">
     <span class='ocr_line' id='line_1_1' title="bbox 698 425 735 485; baseline 0.027 -1"><span class='ocrx_word' id='word_1_1' title='bbox 698 425 735 485; x_wconf 79' lang='lat'>15</span> 
     </span>
    </p>
   </div>
   <div class='ocr_carea' id='block_1_2' title="bbox 164 604 1288 1198">
    <p class='ocr_par' dir='ltr' id='par_1_2' title="bbox 164 604 1288 1198">
     <span class='ocr_line' id='line_1_2' title="bbox 164 604 1266 694; baseline 0.002 -22"><span class='ocrx_word' id='word_1_2' title='bbox 164 608 272 691; x_wconf 85' lang='lat' dir='ltr'>schylo</span> <span class='ocrx_word' id='word_1_3' title='bbox 294 608 381 671; x_wconf 83' lang='lat' dir='ltr'>haud</span> <span class='ocrx_word' id='word_1_4' title='bbox 404 629 477 672; x_wconf 88' lang='lat' dir='ltr'>raro</span> <span class='ocrx_word' id='word_1_5' title='bbox 501 608 652 672; x_wconf 90' lang='lat' dir='ltr'>dicuntur</span> <span class='ocrx_word' id='word_1_6' title='bbox 673 630 731 692; x_wconf 87' lang='lat' dir='ltr'>pro</span> <span class='ocrx_word' id='word_1_7' title='bbox 755 604 837 694; x_wconf 89' lang='grc' dir='ltr'><em>πρό,</em></span> <span class='ocrx_word' id='word_1_8' title='bbox 875 629 956 690; x_wconf 88' lang='lat' dir='ltr'>quae</span> <span class='ocrx_word' id='word_1_9' title='bbox 987 609 1049 673; x_wconf 83' lang='lat' dir='ltr'>uisi</span> <span class='ocrx_word' id='word_1_10' title='bbox 1077 609 1189 687; x_wconf 84' lang='lat' dir='ltr'>fallor„</span> <span class='ocrx_word' id='word_1_11' title='bbox 1226 609 1266 674; x_wconf 94' lang='lat' dir='ltr'>ob</span> 
     </span>
     <span class='ocr_line' id='line_1_3' title="bbox 164 711 1266 795; baseline 0.001 -22"><span class='ocrx_word' id='word_1_12' title='bbox 164 711 319 792; x_wconf 87' lang='lat' dir='ltr'>majorem</span> <span class='ocrx_word' id='word_1_13' title='bbox 347 711 468 774; x_wconf 86' lang='lat' dir='ltr'>formae</span> <span class='ocrx_word' id='word_1_14' title='bbox 498 711 654 774; x_wconf 79' lang='lat' dir='ltr'>ambItum</span> <span class='ocrx_word' id='word_1_15' title='bbox 684 715 716 773; x_wconf 90' lang='lat' dir='ltr'>et</span> <span class='ocrx_word' id='word_1_16' title='bbox 745 712 896 791; x_wconf 88' lang='lat' dir='ltr'>quoniam</span> <span class='ocrx_word' id='word_1_17' title='bbox 925 731 989 774; x_wconf 89' lang='lat' dir='ltr'>nou</span> <span class='ocrx_word' id='word_1_18' title='bbox 1020 712 1067 776; x_wconf 89' lang='lat' dir='ltr'>ita</span> <span class='ocrx_word' id='word_1_19' title='bbox 1089 732 1183 795; x_wconf 84' lang='lat' dir='ltr'>saepe</span> <span class='ocrx_word' id='word_1_20' title='bbox 1207 732 1266 775; x_wconf 86' lang='lat' dir='ltr'>usu</span> 
     </span>
     <span class='ocr_line' id='line_1_4' title="bbox 165 799 1264 898; baseline -0.001 -22"><span class='ocrx_word' id='word_1_21' title='bbox 165 813 351 891; x_wconf 85' lang='lat' dir='ltr'>veniebant,</span> <span class='ocrx_word' id='word_1_22' title='bbox 388 813 418 875; x_wconf 89' lang='lat' dir='ltr'>vi</span> <span class='ocrx_word' id='word_1_23' title='bbox 449 819 481 874; x_wconf 89' lang='lat' dir='ltr'>et</span> <span class='ocrx_word' id='word_1_24' title='bbox 503 813 660 895; x_wconf 82' lang='lat' dir='ltr'>gravitate</span> <span class='ocrx_word' id='word_1_25' title='bbox 683 812 877 894; x_wconf 79' lang='lat' dir='ltr'>superabant</span> <span class='ocrx_word' id='word_1_26' title='bbox 899 799 1165 896; x_wconf 73' lang='lat' dir='ltr'>praepositionem</span> <span class='ocrx_word' id='word_1_27' title='bbox 1189 809 1264 898; x_wconf 89' lang='grc' dir='ltr'>πρό.</span> 
     </span>
     <span class='ocr_line' id='line_1_5' title="bbox 164 913 1267 996; baseline 0 -18"><span class='ocrx_word' id='word_1_28' title='bbox 164 913 261 978; x_wconf 88' lang='lat' dir='ltr'>Nullo</span> <span class='ocrx_word' id='word_1_29' title='bbox 292 914 361 979; x_wconf 91' lang='lat' dir='ltr'>loco</span> <span class='ocrx_word' id='word_1_30' title='bbox 392 913 456 976; x_wconf 86' lang='lat' dir='ltr'>alia</span> <span class='ocrx_word' id='word_1_31' title='bbox 480 913 709 996; x_wconf 81' lang='lat' dir='ltr'>significatione</span> <span class='ocrx_word' id='word_1_32' title='bbox 732 914 885 977; x_wconf 81' lang='lat' dir='ltr'>fruuntur</span> <span class='ocrx_word' id='word_1_33' title='bbox 907 915 967 978; x_wconf 85' lang='lat' dir='ltr'>nisi</span> <span class='ocrx_word' id='word_1_34' title='bbox 991 916 1085 980; x_wconf 90' lang='lat' dir='ltr'>locali</span> <span class='ocrx_word' id='word_1_35' title='bbox 1109 922 1165 980; x_wconf 89' lang='lat' dir='ltr'>aut</span> <span class='ocrx_word' id='word_1_36' title='bbox 1188 920 1267 978; x_wconf 85' lang='lat' dir='ltr'>tern-</span> 
     </span>
     <span class='ocr_line' id='line_1_6' title="bbox 164 1015 1288 1099; baseline 0.004 -21"><span class='ocrx_word' id='word_1_37' title='bbox 164 1015 283 1098; x_wconf 81' lang='lat' dir='ltr'>porali3</span> <span class='ocrx_word' id='word_1_38' title='bbox 308 1015 347 1078; x_wconf 88' lang='lat' dir='ltr'>cf.</span> <span class='ocrx_word' id='word_1_39' title='bbox 371 1015 456 1099; x_wconf 82' lang='lat' dir='ltr'>Sept.</span> <span class='ocrx_word' id='word_1_40' title='bbox 481 1019 558 1095; x_wconf 76' lang='lat'>5253</span> <span class='ocrx_word' id='word_1_41' title='bbox 584 1015 668 1080; x_wconf 85' lang='lat' dir='ltr'>Pers.</span> <span class='ocrx_word' id='word_1_42' title='bbox 694 1021 755 1080; x_wconf 80' lang='lat'>447</span> <span class='ocrx_word' id='word_1_43' title='bbox 766 1038 773 1096; x_wconf 91' lang='lat'>;</span> <span class='ocrx_word' id='word_1_44' title='bbox 797 1020 876 1096; x_wconf 70' lang='lat'>529„</span> <span class='ocrx_word' id='word_1_45' title='bbox 900 1017 992 1081; x_wconf 85' lang='lat' dir='ltr'>Eum.</span> <span class='ocrx_word' id='word_1_46' title='bbox 1010 1023 1067 1098; x_wconf 80' lang='lat'>463</span> <span class='ocrx_word' id='word_1_47' title='bbox 1091 1019 1168 1082; x_wconf 85' lang='lat' dir='ltr'>Cho.</span> <span class='ocrx_word' id='word_1_48' title='bbox 1187 1023 1288 1098; x_wconf 82' lang='lat'>3903.</span> 
     </span>
     <span class='ocr_line' id='line_1_7' title="bbox 165 1117 347 1198; baseline 0.005 -18"><span class='ocrx_word' id='word_1_49' title='bbox 165 1117 252 1198; x_wconf 84' lang='lat' dir='ltr'>Sept.</span> <span class='ocrx_word' id='word_1_50' title='bbox 276 1121 347 1182; x_wconf 81' lang='grc'>334.</span> 
     </span>
    </p>
   </div>
   <div class='ocr_carea' id='block_1_3' title="bbox 251 1199 1276 1303">
    <p class='ocr_par' dir='ltr' id='par_1_3' title="bbox 251 1199 1276 1303">
     <span class='ocr_line' id='line_1_8' title="bbox 251 1199 1276 1303; baseline 0.006 -22"><span class='ocrx_word' id='word_1_51' title='bbox 251 1224 284 1303; x_wconf 84' lang='grc'>3)</span> <span class='ocrx_word' id='word_1_52' title='bbox 314 1221 366 1282; x_wconf 80' lang='lat' dir='ltr'>De</span> <span class='ocrx_word' id='word_1_53' title='bbox 395 1219 566 1282; x_wconf 72' lang='lat' dir='ltr'>numerosis</span> <span class='ocrx_word' id='word_1_54' title='bbox 596 1219 772 1301; x_wconf 76' lang='lat' dir='ltr'>compositio</span> <span class='ocrx_word' id='word_1_55' title='bbox 800 1219 880 1283; x_wconf 89' lang='lat' dir='ltr'>haec</span> <span class='ocrx_word' id='word_1_56' title='bbox 910 1219 989 1283; x_wconf 91' lang='lat' dir='ltr'>mibi</span> <span class='ocrx_word' id='word_1_57' title='bbox 1011 1223 1171 1286; x_wconf 86' lang='lat' dir='ltr'>monenda</span> <span class='ocrx_word' id='word_1_58' title='bbox 1192 1199 1276 1286; x_wconf 33' lang='lat' dir='ltr'>sunt(</span> 
     </span>
    </p>
   </div>
   <div class='ocr_carea' id='block_1_4' title="bbox 166 1320 1384 1404">
    <p class='ocr_par' dir='ltr' id='par_1_4' title="bbox 166 1320 1384 1404">
     <span class='ocr_line' id='line_1_9' title="bbox 166 1320 1384 1404; baseline 0.002 -20"><span class='ocrx_word' id='word_1_59' title='bbox 166 1323 249 1385; x_wconf 85' lang='lat' dir='ltr'>visa:</span> <span class='ocrx_word' id='word_1_60' title='bbox 285 1322 406 1384; x_wconf 88' lang='lat' dir='ltr'>Partim</span> <span class='ocrx_word' id='word_1_61' title='bbox 429 1320 611 1403; x_wconf 80' lang='lat' dir='ltr'>significant</span> <span class='ocrx_word' id='word_1_62' title='bbox 632 1328 752 1385; x_wconf 87' lang='lat' dir='ltr'>motum</span> <span class='ocrx_word' id='word_1_63' title='bbox 776 1323 830 1404; x_wconf 92' lang='lat' dir='ltr'>qui</span> <span class='ocrx_word' id='word_1_64' title='bbox 853 1343 870 1385; x_wconf 89' lang='lat' dir='ltr'>c</span> <span class='ocrx_word' id='word_1_65' title='bbox 893 1321 961 1386; x_wconf 91' lang='lat' dir='ltr'>loco</span> <span class='ocrx_word' id='word_1_66' title='bbox 985 1323 1083 1386; x_wconf 88' lang='lat' dir='ltr'>alium</span> <span class='ocrx_word' id='word_1_67' title='bbox 1107 1324 1211 1388; x_wconf 91' lang='lat' dir='ltr'>locum</span> <span class='ocrx_word' id='word_1_68' title='bbox 1234 1325 1267 1387; x_wconf 91' lang='lat' dir='ltr'>in</span> <span class='ocrx_word' id='word_1_69' title='bbox 1380 1369 1384 1375; x_wconf 79' lang='lat'><em>-</em></span> 
     </span>
    </p>
   </div>
   <div class='ocr_carea' id='block_1_5' title="bbox 159 1408 1340 3546">
    <p class='ocr_par' dir='ltr' id='par_1_5' title="bbox 159 1408 1340 3546">
     <span class='ocr_line' id='line_1_10' title="bbox 167 1408 1267 1506; baseline 0.005 -21"><span class='ocrx_word' id='word_1_70' title='bbox 167 1424 324 1486; x_wconf 75' lang='lat' dir='ltr'>antenore</span> <span class='ocrx_word' id='word_1_71' title='bbox 341 1428 432 1506; x_wconf 89' lang='lat' dir='ltr'>parte</span> <span class='ocrx_word' id='word_1_72' title='bbox 454 1424 549 1485; x_wconf 86' lang='lat' dir='ltr'>situm</span> <span class='ocrx_word' id='word_1_73' title='bbox 571 1425 661 1506; x_wconf 80' lang='lat' dir='ltr'>petit„</span> <span class='ocrx_word' id='word_1_74' title='bbox 684 1430 741 1486; x_wconf 87' lang='lat' dir='ltr'>aut</span> <span class='ocrx_word' id='word_1_75' title='bbox 762 1444 828 1486; x_wconf 89' lang='lat' dir='ltr'>rem</span> <span class='ocrx_word' id='word_1_76' title='bbox 851 1445 933 1506; x_wconf 88' lang='lat' dir='ltr'>quae</span> <span class='ocrx_word' id='word_1_77' title='bbox 957 1431 1031 1488; x_wconf 88' lang='lat' dir='ltr'>ante</span> <span class='ocrx_word' id='word_1_78' title='bbox 1054 1424 1162 1489; x_wconf 86' lang='lat' dir='ltr'>oculos</span> <span class='ocrx_word' id='word_1_79' title='bbox 1183 1408 1267 1490; x_wconf 83' lang='lat' dir='ltr'>alius</span> 
     </span>
     <span class='ocr_line' id='line_1_11' title="bbox 164 1525 1271 1612; baseline 0.004 -25"><span class='ocrx_word' id='word_1_80' title='bbox 164 1526 249 1606; x_wconf 88' lang='lat' dir='ltr'>jacet</span> <span class='ocrx_word' id='word_1_81' title='bbox 272 1525 321 1588; x_wconf 86' lang='lat' dir='ltr'>vel</span> <span class='ocrx_word' id='word_1_82' title='bbox 344 1528 411 1612; x_wconf 79' lang='lat' dir='ltr'>agIt</span> <span class='ocrx_word' id='word_1_83' title='bbox 433 1525 482 1588; x_wconf 91' lang='lat' dir='ltr'>vel</span> <span class='ocrx_word' id='word_1_84' title='bbox 497 1527 629 1608; x_wconf 82' lang='lat' dir='ltr'>patitur„</span> <span class='ocrx_word' id='word_1_85' title='bbox 653 1527 708 1607; x_wconf 92' lang='lat' dir='ltr'>qui</span> <span class='ocrx_word' id='word_1_86' title='bbox 723 1546 799 1588; x_wconf 83' lang='lat' dir='ltr'>usus</span> <span class='ocrx_word' id='word_1_87' title='bbox 815 1525 1089 1608; x_wconf 79' lang='lat' dir='ltr'>frequentissimus</span> <span class='ocrx_word' id='word_1_88' title='bbox 1105 1534 1153 1590; x_wconf 86' lang='lat' dir='ltr'>est</span> <span class='ocrx_word' id='word_1_89' title='bbox 1168 1548 1271 1609; x_wconf 53' lang='lat' dir='ltr'>quum,</span> 
     </span>
     <span class='ocr_line' id='line_1_12' title="bbox 166 1625 1265 1713; baseline 0 -23"><span class='ocrx_word' id='word_1_90' title='bbox 166 1627 199 1690; x_wconf 92' lang='lat' dir='ltr'>in</span> <span class='ocrx_word' id='word_1_91' title='bbox 219 1627 356 1710; x_wconf 85' lang='lat' dir='ltr'>propriis</span> <span class='ocrx_word' id='word_1_92' title='bbox 379 1627 570 1690; x_wconf 79' lang='lat' dir='ltr'>dictionibus</span> <span class='ocrx_word' id='word_1_93' title='bbox 592 1634 660 1690; x_wconf 90' lang='lat' dir='ltr'>tum</span> <span class='ocrx_word' id='word_1_94' title='bbox 683 1628 715 1689; x_wconf 91' lang='lat' dir='ltr'>in</span> <span class='ocrx_word' id='word_1_95' title='bbox 739 1628 979 1709; x_wconf 86' lang='lat' dir='ltr'>metaphoricis;</span> <span class='ocrx_word' id='word_1_96' title='bbox 1003 1629 1042 1692; x_wconf 87' lang='lat' dir='ltr'>cf.</span> <span class='ocrx_word' id='word_1_97' title='bbox 1066 1625 1265 1713; x_wconf 70' lang='grc' dir='ltr'><em>προβαίνειν,</em></span> 
     </span>
     <span class='ocr_line' id='line_1_13' title="bbox 166 1723 1269 1816; baseline 0.004 -26"><span class='ocrx_word' id='word_1_98' title='bbox 166 1724 365 1812; x_wconf 79' lang='grc' dir='ltr'><em>προίάίπτειν</em></span> <span class='ocrx_word' id='word_1_99' title='bbox 386 1733 426 1808; x_wconf 91' lang='grc' dir='ltr'>Ι),</span> <span class='ocrx_word' id='word_1_100' title='bbox 458 1727 691 1814; x_wconf 79' lang='grc' dir='ltr'><em>προπέμπειν,</em></span> <span class='ocrx_word' id='word_1_101' title='bbox 721 1723 918 1815; x_wconf 70' lang='grc' dir='ltr'><em>προτείνειν,</em></span> <span class='ocrx_word' id='word_1_102' title='bbox 950 1728 1124 1816; x_wconf 77' lang='grc' dir='ltr'><em>προνέμειν</em></span> <span class='ocrx_word' id='word_1_103' title='bbox 1146 1734 1269 1816; x_wconf 80' lang='grc' dir='ltr'><em>(χεῖρας</em></span> 
     </span>
     <span class='ocr_line' id='line_1_14' title="bbox 166 1815 1267 1916; baseline 0.003 -24"><span class='ocrx_word' id='word_1_104' title='bbox 166 1815 257 1895; x_wconf 82' lang='lat' dir='ltr'>Eum.</span> <span class='ocrx_word' id='word_1_105' title='bbox 283 1834 367 1914; x_wconf 84' lang='lat'>313),</span> <span class='ocrx_word' id='word_1_106' title='bbox 391 1835 596 1916; x_wconf 82' lang='grc' dir='ltr'><em>προππνεῖν,</em></span> <span class='ocrx_word' id='word_1_107' title='bbox 620 1826 858 1916; x_wconf 81' lang='grc' dir='ltr'><em>προδεικνύναι,</em></span> <span class='ocrx_word' id='word_1_108' title='bbox 882 1834 1085 1915; x_wconf 61' lang='grc' dir='ltr'><em>προκεῖσθαι</em></span> <span class='ocrx_word' id='word_1_109' title='bbox 1095 1834 1124 1912; x_wconf 84' lang='lat'>2)</span> <span class='ocrx_word' id='word_1_110' title='bbox 1148 1833 1200 1916; x_wconf 86' lang='lat' dir='ltr'>(de</span> <span class='ocrx_word' id='word_1_111' title='bbox 1223 1833 1267 1895; x_wconf 92' lang='lat' dir='ltr'>le·</span> 
     </span>
     <span class='ocr_line' id='line_1_15' title="bbox 167 1929 1299 2024; baseline -0.002 -28"><span class='ocrx_word' id='word_1_112' title='bbox 167 1935 258 2015; x_wconf 83' lang='lat' dir='ltr'>gibus</span> <span class='ocrx_word' id='word_1_113' title='bbox 281 1933 418 2012; x_wconf 81' lang='lat' dir='ltr'>dictum3</span> <span class='ocrx_word' id='word_1_114' title='bbox 443 1931 481 1997; x_wconf 88' lang='lat' dir='ltr'>cf.</span> <span class='ocrx_word' id='word_1_115' title='bbox 506 1931 620 1996; x_wconf 82' lang='lat' dir='ltr'>Blomf.</span> <span class='ocrx_word' id='word_1_116' title='bbox 646 1933 738 2016; x_wconf 79' lang='lat' dir='ltr'>gloss.</span> <span class='ocrx_word' id='word_1_117' title='bbox 762 1934 804 1996; x_wconf 88' lang='lat' dir='ltr'>ad</span> <span class='ocrx_word' id='word_1_118' title='bbox 826 1934 911 1994; x_wconf 76' lang='lat' dir='ltr'>Pera.</span> <span class='ocrx_word' id='word_1_119' title='bbox 937 1933 1032 2016; x_wconf 79' lang='lat'>377);</span> <span class='ocrx_word' id='word_1_120' title='bbox 1063 1929 1267 2019; x_wconf 75' lang='grc' dir='ltr'><em>πρόσφαγμα</em></span> <span class='ocrx_word' id='word_1_121' title='bbox 1289 2011 1299 2024; x_wconf 56' lang='lat'>„</span> 
     </span>
     <span class='ocr_line' id='line_1_16' title="bbox 168 2034 1265 2117; baseline 0.001 -20"><span class='ocrx_word' id='word_1_122' title='bbox 168 2036 224 2117; x_wconf 81' lang='lat' dir='ltr'>Ag.</span> <span class='ocrx_word' id='word_1_123' title='bbox 254 2037 310 2096; x_wconf 81' lang='grc'>127</span> <span class='ocrx_word' id='word_1_124' title='bbox 315 2039 333 2097; x_wconf 86' lang='lat'>8</span> <span class='ocrx_word' id='word_1_125' title='bbox 366 2036 537 2114; x_wconf 79' lang='lat' dir='ltr'>„mactatio</span> <span class='ocrx_word' id='word_1_126' title='bbox 568 2055 649 2116; x_wconf 83' lang='lat' dir='ltr'>quae</span> <span class='ocrx_word' id='word_1_127' title='bbox 678 2034 811 2099; x_wconf 85' lang='lat' dir='ltr'>litante</span> <span class='ocrx_word' id='word_1_128' title='bbox 833 2054 932 2113; x_wconf 84' lang='lat' dir='ltr'>aram,</span> <span class='ocrx_word' id='word_1_129' title='bbox 956 2040 1032 2099; x_wconf 87' lang='lat' dir='ltr'>ante</span> <span class='ocrx_word' id='word_1_130' title='bbox 1054 2034 1178 2099; x_wconf 83' lang='lat' dir='ltr'>focum“</span> <span class='ocrx_word' id='word_1_131' title='bbox 1211 2035 1265 2114; x_wconf 79' lang='lat' dir='ltr'>(cf.</span> 
     </span>
     <span class='ocr_line' id='line_1_17' title="bbox 168 2131 1267 2223; baseline 0.003 -25"><span class='ocrx_word' id='word_1_132' title='bbox 168 2136 244 2199; x_wconf 85' lang='lat' dir='ltr'>Eur.</span> <span class='ocrx_word' id='word_1_133' title='bbox 267 2136 343 2200; x_wconf 89' lang='lat' dir='ltr'>Hec.</span> <span class='ocrx_word' id='word_1_134' title='bbox 368 2142 425 2217; x_wconf 78' lang='lat'>413</span> <span class='ocrx_word' id='word_1_135' title='bbox 455 2137 525 2221; x_wconf 86' lang='lat' dir='ltr'>Iph.</span> <span class='ocrx_word' id='word_1_136' title='bbox 549 2137 584 2200; x_wconf 85' lang='grc' dir='ltr'>Τ.</span> <span class='ocrx_word' id='word_1_137' title='bbox 609 2141 702 2216; x_wconf 81' lang='grc'>478);</span> <span class='ocrx_word' id='word_1_138' title='bbox 740 2136 779 2200; x_wconf 86' lang='lat' dir='ltr'>de</span> <span class='ocrx_word' id='word_1_139' title='bbox 802 2136 948 2201; x_wconf 82' lang='lat' dir='ltr'>Minerva</span> <span class='ocrx_word' id='word_1_140' title='bbox 969 2131 1099 2223; x_wconf 76' lang='grc' dir='ltr'><em>προνᾴᾳ</em></span> <span class='ocrx_word' id='word_1_141' title='bbox 1120 2137 1212 2220; x_wconf 85' lang='lat' dir='ltr'>cujus</span> <span class='ocrx_word' id='word_1_142' title='bbox 1233 2137 1267 2201; x_wconf 91' lang='lat' dir='ltr'>in</span> 
     </span>
     <span class='ocr_line' id='line_1_18' title="bbox 166 2238 1340 2322; baseline 0.001 -22"><span class='ocrx_word' id='word_1_143' title='bbox 166 2238 257 2300; x_wconf 78' lang='lat' dir='ltr'>Ilum.</span> <span class='ocrx_word' id='word_1_144' title='bbox 282 2242 319 2301; x_wconf 84' lang='lat'>21</span> <span class='ocrx_word' id='word_1_145' title='bbox 347 2240 465 2302; x_wconf 87' lang='lat' dir='ltr'>mentio</span> <span class='ocrx_word' id='word_1_146' title='bbox 486 2238 523 2301; x_wconf 89' lang='lat' dir='ltr'>fit</span> <span class='ocrx_word' id='word_1_147' title='bbox 545 2239 583 2302; x_wconf 86' lang='lat' dir='ltr'>cf.</span> <span class='ocrx_word' id='word_1_148' title='bbox 608 2238 734 2317; x_wconf 85' lang='lat' dir='ltr'>Herm.;</span> <span class='ocrx_word' id='word_1_149' title='bbox 773 2238 808 2302; x_wconf 92' lang='grc' dir='ltr'>Ο.</span> <span class='ocrx_word' id='word_1_150' title='bbox 834 2239 1024 2302; x_wconf 82' lang='lat' dir='ltr'>Muellerum</span> <span class='ocrx_word' id='word_1_151' title='bbox 1049 2239 1206 2322; x_wconf 81' lang='lat' dir='ltr'>„Anhang</span> <span class='ocrx_word' id='word_1_152' title='bbox 1228 2262 1267 2303; x_wconf 86' lang='lat' dir='ltr'>au</span> <span class='ocrx_word' id='word_1_153' title='bbox 1334 2260 1340 2301; x_wconf 77' lang='lat'>3</span> 
     </span>
     <span class='ocr_line' id='line_1_19' title="bbox 165 2339 1266 2429; baseline 0 -26"><span class='ocrx_word' id='word_1_154' title='bbox 165 2340 225 2404; x_wconf 86' lang='lat' dir='ltr'>den</span> <span class='ocrx_word' id='word_1_155' title='bbox 253 2339 407 2404; x_wconf 84' lang='lat' dir='ltr'>Eumen.“</span> <span class='ocrx_word' id='word_1_156' title='bbox 438 2364 467 2424; x_wconf 88' lang='lat' dir='ltr'>p.</span> <span class='ocrx_word' id='word_1_157' title='bbox 496 2347 549 2421; x_wconf 79' lang='lat'>143</span> <span class='ocrx_word' id='word_1_158' title='bbox 587 2340 724 2405; x_wconf 76' lang='lat' dir='ltr'>Ulrichs,</span> <span class='ocrx_word' id='word_1_159' title='bbox 752 2341 893 2429; x_wconf 84' lang='lat' dir='ltr'>„Reisen</span> <span class='ocrx_word' id='word_1_160' title='bbox 923 2363 954 2404; x_wconf 91' lang='lat' dir='ltr'>u.</span> <span class='ocrx_word' id='word_1_161' title='bbox 984 2341 1210 2424; x_wconf 85' lang='lat' dir='ltr'>Forscbungcn</span> <span class='ocrx_word' id='word_1_162' title='bbox 1233 2341 1266 2404; x_wconf 94' lang='lat' dir='ltr'>in</span> 
     </span>
     <span class='ocr_line' id='line_1_20' title="bbox 165 2438 1264 2529; baseline 0.002 -25"><span class='ocrx_word' id='word_1_163' title='bbox 165 2441 363 2506; x_wconf 85' lang='lat' dir='ltr'>Griechenl.“</span> <span class='ocrx_word' id='word_1_164' title='bbox 389 2443 412 2505; x_wconf 93' lang='grc' dir='ltr'>Ι.</span> <span class='ocrx_word' id='word_1_165' title='bbox 437 2466 467 2526; x_wconf 90' lang='lat' dir='ltr'>p.</span> <span class='ocrx_word' id='word_1_166' title='bbox 484 2447 534 2523; x_wconf 81' lang='lat'>45,</span> <span class='ocrx_word' id='word_1_167' title='bbox 552 2447 631 2521; x_wconf 79' lang='lat'>2633</span> <span class='ocrx_word' id='word_1_168' title='bbox 656 2443 695 2507; x_wconf 88' lang='lat' dir='ltr'>de</span> <span class='ocrx_word' id='word_1_169' title='bbox 719 2444 748 2506; x_wconf 84' lang='lat' dir='ltr'>vi</span> <span class='ocrx_word' id='word_1_170' title='bbox 771 2443 916 2508; x_wconf 81' lang='lat' dir='ltr'>vocabuli</span> <span class='ocrx_word' id='word_1_171' title='bbox 941 2438 1203 2529; x_wconf 82' lang='grc' dir='ltr'><em>προκαλύμματα</em></span> <span class='ocrx_word' id='word_1_172' title='bbox 1224 2442 1264 2507; x_wconf 85' lang='lat' dir='ltr'>cf.</span> 
     </span>
     <span class='ocr_line' id='line_1_21' title="bbox 163 2543 1269 2629; baseline 0.001 -21"><span class='ocrx_word' id='word_1_173' title='bbox 163 2544 272 2608; x_wconf 86' lang='lat' dir='ltr'>Herm.</span> <span class='ocrx_word' id='word_1_174' title='bbox 297 2550 329 2608; x_wconf 90' lang='lat' dir='ltr'>et</span> <span class='ocrx_word' id='word_1_175' title='bbox 351 2544 544 2609; x_wconf 85' lang='lat' dir='ltr'>Schneidew.</span> <span class='ocrx_word' id='word_1_176' title='bbox 569 2545 610 2609; x_wconf 91' lang='lat' dir='ltr'>ad</span> <span class='ocrx_word' id='word_1_177' title='bbox 632 2546 689 2628; x_wconf 81' lang='lat' dir='ltr'>Ag.</span> <span class='ocrx_word' id='word_1_178' title='bbox 715 2550 775 2609; x_wconf 85' lang='grc'>667</span> <span class='ocrx_word' id='word_1_179' title='bbox 806 2546 992 2629; x_wconf 85' lang='lat' dir='ltr'>(falsissima</span> <span class='ocrx_word' id='word_1_180' title='bbox 1021 2549 1070 2608; x_wconf 84' lang='lat' dir='ltr'>est</span> <span class='ocrx_word' id='word_1_181' title='bbox 1092 2543 1269 2629; x_wconf 83' lang='lat' dir='ltr'>Hartnngii</span> 
     </span>
     <span class='ocr_line' id='line_1_22' title="bbox 162 2646 1267 2734; baseline 0.001 -25"><span class='ocrx_word' id='word_1_182' title='bbox 162 2647 386 2729; x_wconf 83' lang='lat' dir='ltr'>interpretatio</span> <span class='ocrx_word' id='word_1_183' title='bbox 409 2646 450 2710; x_wconf 90' lang='lat' dir='ltr'>ad</span> <span class='ocrx_word' id='word_1_184' title='bbox 471 2649 527 2730; x_wconf 83' lang='lat' dir='ltr'>Ag.</span> <span class='ocrx_word' id='word_1_185' title='bbox 546 2651 607 2711; x_wconf 90' lang='grc'>638</span> <span class='ocrx_word' id='word_1_186' title='bbox 629 2648 779 2731; x_wconf 89' lang='lat' dir='ltr'>prolata).</span> <span class='ocrx_word' id='word_1_187' title='bbox 826 2648 921 2734; x_wconf 86' lang='lat' dir='ltr'>Notio</span> <span class='ocrx_word' id='word_1_188' title='bbox 935 2646 1056 2711; x_wconf 86' lang='lat' dir='ltr'>tuendi</span> <span class='ocrx_word' id='word_1_189' title='bbox 1078 2652 1110 2710; x_wconf 89' lang='lat' dir='ltr'>et</span> <span class='ocrx_word' id='word_1_190' title='bbox 1133 2647 1267 2727; x_wconf 86' lang='lat' dir='ltr'>curandi</span> 
     </span>
     <span class='ocr_line' id='line_1_23' title="bbox 163 2744 1264 2835; baseline 0 -23"><span class='ocrx_word' id='word_1_191' title='bbox 163 2749 271 2812; x_wconf 87' lang='lat' dir='ltr'>subest</span> <span class='ocrx_word' id='word_1_192' title='bbox 292 2750 421 2813; x_wconf 88' lang='lat' dir='ltr'>vocibus</span> <span class='ocrx_word' id='word_1_193' title='bbox 442 2744 672 2835; x_wconf 72' lang='grc' dir='ltr'><em>προκήδεσθαι</em></span> <span class='ocrx_word' id='word_1_194' title='bbox 688 2750 792 2813; x_wconf 79' lang='lat' dir='ltr'>Proin.</span> <span class='ocrx_word' id='word_1_195' title='bbox 811 2753 886 2828; x_wconf 82' lang='lat'>629;</span> <span class='ocrx_word' id='word_1_196' title='bbox 909 2744 1079 2834; x_wconf 80' lang='grc' dir='ltr'><em>πρόμαχος</em></span> <span class='ocrx_word' id='word_1_197' title='bbox 1096 2749 1134 2812; x_wconf 88' lang='lat' dir='ltr'>cf.</span> <span class='ocrx_word' id='word_1_198' title='bbox 1153 2748 1264 2814; x_wconf 82' lang='lat' dir='ltr'>Vachr.</span> 
     </span>
     <span class='ocr_line' id='line_1_24' title="bbox 163 2846 1266 2937; baseline 0.001 -24"><span class='ocrx_word' id='word_1_199' title='bbox 163 2852 204 2914; x_wconf 89' lang='lat' dir='ltr'>ad</span> <span class='ocrx_word' id='word_1_200' title='bbox 226 2851 302 2915; x_wconf 88' lang='lat' dir='ltr'>Eur.</span> <span class='ocrx_word' id='word_1_201' title='bbox 328 2851 444 2915; x_wconf 89' lang='lat' dir='ltr'>Phoen.</span> <span class='ocrx_word' id='word_1_202' title='bbox 474 2855 569 2932; x_wconf 78' lang='lat'>10053</span> <span class='ocrx_word' id='word_1_203' title='bbox 600 2854 874 2937; x_wconf 75' lang='grc' dir='ltr'><em>προθυμεῖσθαι,</em></span> <span class='ocrx_word' id='word_1_204' title='bbox 898 2846 1094 2937; x_wconf 48' lang='grc' dir='ltr'><em>προθυμία·</em></span> <span class='ocrx_word' id='word_1_205' title='bbox 1117 2847 1266 2937; x_wconf 82' lang='grc' dir='ltr'><em>προανοί-</em></span> 
     </span>
     <span class='ocr_line' id='line_1_25' title="bbox 162 2949 1266 3039; baseline 0.003 -24"><span class='ocrx_word' id='word_1_206' title='bbox 162 2975 233 3038; x_wconf 81' lang='grc' dir='ltr'><em>της,</em></span> <span class='ocrx_word' id='word_1_207' title='bbox 269 2949 537 3038; x_wconf 72' lang='grc' dir='ltr'><em>προοπίλλεαθαι</em></span> <span class='ocrx_word' id='word_1_208' title='bbox 568 2961 855 3039; x_wconf 81' lang='lat' dir='ltr'>„propugnatorem</span> <span class='ocrx_word' id='word_1_209' title='bbox 885 2953 1032 3016; x_wconf 82' lang='lat' dir='ltr'>mittere“</span> <span class='ocrx_word' id='word_1_210' title='bbox 1066 2952 1151 3036; x_wconf 80' lang='lat' dir='ltr'>Sept.</span> <span class='ocrx_word' id='word_1_211' title='bbox 1186 2958 1266 3033; x_wconf 80' lang='lat'>415;</span> 
     </span>
     <span class='ocr_line' id='line_1_26' title="bbox 164 3044 1327 3140; baseline -0.002 -24"><span class='ocrx_word' id='word_1_212' title='bbox 164 3050 339 3140; x_wconf 67' lang='grc' dir='ltr'><em>πρόφρων,</em></span> <span class='ocrx_word' id='word_1_213' title='bbox 375 3050 629 3140; x_wconf 76' lang='grc' dir='ltr'><em>προτάοσεσθαι</em></span> <span class='ocrx_word' id='word_1_214' title='bbox 653 3055 762 3139; x_wconf 85' lang='lat' dir='ltr'>Suppl.</span> <span class='ocrx_word' id='word_1_215' title='bbox 788 3059 848 3119; x_wconf 84' lang='grc'>835</span> <span class='ocrx_word' id='word_1_216' title='bbox 875 3044 1014 3134; x_wconf 80' lang='lat' dir='ltr'>„tueri“;</span> <span class='ocrx_word' id='word_1_217' title='bbox 1050 3058 1268 3140; x_wconf 71' lang='grc' dir='ltr'><em>προναρβεῖν,</em></span> <span class='ocrx_word' id='word_1_218' title='bbox 1321 3109 1327 3114; x_wconf 90' lang='grc'><em>,</em></span> 
     </span>
     <span class='ocr_line' id='line_1_27' title="bbox 163 3150 1267 3242; baseline 0.004 -25"><span class='ocrx_word' id='word_1_219' title='bbox 163 3150 355 3241; x_wconf 74' lang='grc' dir='ltr'><em>πρόβουλος,</em></span> <span class='ocrx_word' id='word_1_220' title='bbox 380 3159 641 3242; x_wconf 65' lang='grc' dir='ltr'><em>προφοβοῖσθαι,</em></span> <span class='ocrx_word' id='word_1_221' title='bbox 670 3152 702 3220; x_wconf 81' lang='lat' dir='ltr'>in</span> <span class='ocrx_word' id='word_1_222' title='bbox 725 3157 840 3239; x_wconf 86' lang='lat' dir='ltr'>quibus</span> <span class='ocrx_word' id='word_1_223' title='bbox 861 3157 965 3220; x_wconf 83' lang='lat' dir='ltr'>verbis</span> <span class='ocrx_word' id='word_1_224' title='bbox 988 3152 1054 3242; x_wconf 90' lang='grc' dir='ltr'>πρό</span> <span class='ocrx_word' id='word_1_225' title='bbox 1080 3157 1203 3221; x_wconf 87' lang='lat' dir='ltr'>accedit</span> <span class='ocrx_word' id='word_1_226' title='bbox 1225 3158 1267 3221; x_wconf 87' lang='lat' dir='ltr'>ad</span> 
     </span>
     <span class='ocr_line' id='line_1_28' title="bbox 164 3252 1267 3344; baseline 0.002 -24"><span class='ocrx_word' id='word_1_227' title='bbox 164 3259 226 3321; x_wconf 87' lang='lat' dir='ltr'>vim</span> <span class='ocrx_word' id='word_1_228' title='bbox 249 3259 494 3341; x_wconf 87' lang='lat' dir='ltr'>praepositionis</span> <span class='ocrx_word' id='word_1_229' title='bbox 515 3252 609 3344; x_wconf 79' lang='grc' dir='ltr'><em>ὑπέρ.</em></span> <span class='ocrx_word' id='word_1_230' title='bbox 642 3296 699 3329; x_wconf 61' lang='grc'>-,</span> <span class='ocrx_word' id='word_1_231' title='bbox 729 3257 851 3322; x_wconf 86' lang='lat' dir='ltr'>Deinde</span> <span class='ocrx_word' id='word_1_232' title='bbox 874 3254 941 3344; x_wconf 87' lang='grc' dir='ltr'>πρό</span> <span class='ocrx_word' id='word_1_233' title='bbox 962 3257 1102 3323; x_wconf 84' lang='lat' dir='ltr'>refertur</span> <span class='ocrx_word' id='word_1_234' title='bbox 1123 3259 1165 3322; x_wconf 89' lang='lat' dir='ltr'>ad</span> <span class='ocrx_word' id='word_1_235' title='bbox 1187 3265 1267 3322; x_wconf 86' lang='lat' dir='ltr'>tem-</span> 
     </span>
     <span class='ocr_line' id='line_1_29' title="bbox 159 3351 1265 3447; baseline 0.002 -26"><span class='ocrx_word' id='word_1_236' title='bbox 159 3381 237 3439; x_wconf 79' lang='lat' dir='ltr'>-puS„</span> <span class='ocrx_word' id='word_1_237' title='bbox 268 3360 360 3423; x_wconf 92' lang='lat' dir='ltr'>utin</span> <span class='ocrx_word' id='word_1_238' title='bbox 384 3354 617 3446; x_wconf 77' lang='grc' dir='ltr'><em>προῦννὲπειν,</em></span> <span class='ocrx_word' id='word_1_239' title='bbox 650 3351 988 3446; x_wconf 68' lang='grc' dir='ltr'><em>προύξεπίσθασθαι,</em></span> <span class='ocrx_word' id='word_1_240' title='bbox 1014 3356 1265 3447; x_wconf 72' lang='grc' dir='ltr'><em>προθεσπίζοιν,</em></span> 
     </span>
     <span class='ocr_line' id='line_1_30' title="bbox 163 3458 1266 3546; baseline 0.006 -27"><span class='ocrx_word' id='word_1_241' title='bbox 163 3458 333 3542; x_wconf 79' lang='grc' dir='ltr'><em>προλέγειν</em></span> <span class='ocrx_word' id='word_1_242' title='bbox 363 3464 462 3544; x_wconf 89' lang='lat' dir='ltr'>(quod</span> <span class='ocrx_word' id='word_1_243' title='bbox 493 3464 624 3527; x_wconf 84' lang='lat' dir='ltr'>verbum</span> <span class='ocrx_word' id='word_1_244' title='bbox 653 3463 748 3525; x_wconf 88' lang='lat' dir='ltr'>etiam</span> <span class='ocrx_word' id='word_1_245' title='bbox 773 3469 821 3526; x_wconf 84' lang='lat' dir='ltr'>eet</span> <span class='ocrx_word' id='word_1_246' title='bbox 844 3470 989 3546; x_wconf 84' lang='lat' dir='ltr'>„aperte„</span> <span class='ocrx_word' id='word_1_247' title='bbox 1020 3463 1125 3527; x_wconf 86' lang='lat' dir='ltr'>libere</span> <span class='ocrx_word' id='word_1_248' title='bbox 1138 3463 1266 3546; x_wconf 88' lang='lat' dir='ltr'>praedi-</span> 
     </span>
    </p>
   </div>
   <div class='ocr_carea' id='block_1_6' title="bbox 160 3731 1296 4152">
    <p class='ocr_par' dir='ltr' id='par_1_6' title="bbox 161 3731 1296 3975">
     <span class='ocr_line' id='line_1_31' title="bbox 237 3731 1266 3800; baseline 0.003 -18"><span class='ocrx_word' id='word_1_249' title='bbox 237 3731 255 3798; x_wconf 80' lang='grc' dir='ltr'>Ι)</span> <span class='ocrx_word' id='word_1_250' title='bbox 294 3732 407 3799; x_wconf 82' lang='lat' dir='ltr'>»Saepe„</span> <span class='ocrx_word' id='word_1_251' title='bbox 434 3733 483 3784; x_wconf 91' lang='lat' dir='ltr'>ubi</span> <span class='ocrx_word' id='word_1_252' title='bbox 508 3736 648 3788; x_wconf 73' lang='lat' dir='ltr'>aliundare</span> <span class='ocrx_word' id='word_1_253' title='bbox 672 3735 795 3799; x_wconf 83' lang='lat' dir='ltr'>videtur,</span> <span class='ocrx_word' id='word_1_254' title='bbox 824 3733 908 3785; x_wconf 89' lang='lat' dir='ltr'>habet</span> <span class='ocrx_word' id='word_1_255' title='bbox 933 3733 1053 3800; x_wconf 87' lang='lat' dir='ltr'>aliquam</span> <span class='ocrx_word' id='word_1_256' title='bbox 1077 3733 1133 3785; x_wconf 90' lang='lat' dir='ltr'>vim</span> <span class='ocrx_word' id='word_1_257' title='bbox 1156 3737 1184 3789; x_wconf 86' lang='lat' dir='ltr'>et</span> <span class='ocrx_word' id='word_1_258' title='bbox 1208 3733 1266 3785; x_wconf 88' lang='lat' dir='ltr'>fere</span> 
     </span>
     <span class='ocr_line' id='line_1_32' title="bbox 163 3816 1296 3891; baseline -0.004 -19"><span class='ocrx_word' id='word_1_259' title='bbox 163 3837 244 3888; x_wconf 91' lang='lat' dir='ltr'>quam</span> <span class='ocrx_word' id='word_1_260' title='bbox 261 3837 311 3872; x_wconf 84' lang='lat' dir='ltr'>nos</span> <span class='ocrx_word' id='word_1_261' title='bbox 330 3836 379 3886; x_wconf 88' lang='lat' dir='ltr'>per</span> <span class='ocrx_word' id='word_1_262' title='bbox 397 3818 451 3886; x_wconf 76' lang='lat' dir='ltr'>biit„</span> <span class='ocrx_word' id='word_1_263' title='bbox 465 3820 540 3887; x_wconf 79' lang='lat' dir='ltr'>sorr,</span> <span class='ocrx_word' id='word_1_264' title='bbox 560 3822 607 3872; x_wconf 83' lang='lat' dir='ltr'>ber</span> <span class='ocrx_word' id='word_1_265' title='bbox 626 3823 815 3891; x_wconf 80' lang='lat' dir='ltr'>exprimimus,</span> <span class='ocrx_word' id='word_1_266' title='bbox 835 3823 867 3872; x_wconf 92' lang='lat' dir='ltr'>ut</span> <span class='ocrx_word' id='word_1_267' title='bbox 885 3816 1051 3890; x_wconf 81' lang='grc' dir='ltr'><em>πραϊιίπνειν</em></span> <span class='ocrx_word' id='word_1_268' title='bbox 1070 3819 1263 3875; x_wconf 66' lang='lat' dir='ltr'>hiezechielem«</span> <span class='ocrx_word' id='word_1_269' title='bbox 1292 3817 1296 3821; x_wconf 51' lang='lat'><strong>⁴</strong></span> 
     </span>
     <span class='ocr_line' id='line_1_33' title="bbox 161 3907 1060 3975; baseline -0.007 -15"><span class='ocrx_word' id='word_1_270' title='bbox 161 3908 255 3960; x_wconf 88' lang='lat' dir='ltr'>Herm.</span> <span class='ocrx_word' id='word_1_271' title='bbox 274 3908 309 3959; x_wconf 86' lang='lat' dir='ltr'>ad</span> <span class='ocrx_word' id='word_1_272' title='bbox 332 3907 424 3975; x_wconf 85' lang='lat' dir='ltr'>Vigor.</span> <span class='ocrx_word' id='word_1_273' title='bbox 443 3924 470 3974; x_wconf 91' lang='lat' dir='ltr'>p.</span> <span class='ocrx_word' id='word_1_274' title='bbox 486 3908 545 3958; x_wconf 83' lang='grc'><strong>860.</strong></span> <span class='ocrx_word' id='word_1_275' title='bbox 1059 3915 1060 3919; x_wconf 75' lang='grc'>’</span> 
     </span>
    </p>

    <p class='ocr_par' dir='ltr' id='par_1_7' title="bbox 160 3992 1265 4152">
     <span class='ocr_line' id='line_1_34' title="bbox 231 3992 1265 4064; baseline 0.002 -17"><span class='ocrx_word' id='word_1_276' title='bbox 231 3995 253 4062; x_wconf 79' lang='lat'>²)</span> <span class='ocrx_word' id='word_1_277' title='bbox 289 3995 329 4047; x_wconf 92' lang='lat' dir='ltr'>De</span> <span class='ocrx_word' id='word_1_278' title='bbox 354 3994 439 4047; x_wconf 86' lang='lat' dir='ltr'>verbo</span> <span class='ocrx_word' id='word_1_279' title='bbox 465 3995 665 4064; x_wconf 70' lang='grc' dir='ltr'><em>προμυχθίζειν</em></span> <span class='ocrx_word' id='word_1_280' title='bbox 683 4011 704 4047; x_wconf 88' lang='lat' dir='ltr'>a</span> <span class='ocrx_word' id='word_1_281' title='bbox 727 3993 871 4050; x_wconf 84' lang='lat' dir='ltr'>Dindorfio</span> <span class='ocrx_word' id='word_1_282' title='bbox 888 3992 918 4046; x_wconf 91' lang='lat' dir='ltr'>in</span> <span class='ocrx_word' id='word_1_283' title='bbox 936 3993 1010 4062; x_wconf 87' lang='lat' dir='ltr'>Sept.</span> <span class='ocrx_word' id='word_1_284' title='bbox 1032 3995 1081 4046; x_wconf 86' lang='lat' dir='ltr'>loo</span> <span class='ocrx_word' id='word_1_285' title='bbox 1099 3994 1208 4047; x_wconf 82' lang='lat' dir='ltr'>intruso</span> <span class='ocrx_word' id='word_1_286' title='bbox 1229 3993 1265 4049; x_wconf 85' lang='lat' dir='ltr'>cl.</span> 
     </span>
     <span class='ocr_line' id='line_1_35' title="bbox 160 4080 1173 4152; baseline 0.002 -18"><span class='ocrx_word' id='word_1_287' title='bbox 160 4083 218 4151; x_wconf 87' lang='lat' dir='ltr'>ejus</span> <span class='ocrx_word' id='word_1_288' title='bbox 236 4083 321 4150; x_wconf 88' lang='lat' dir='ltr'>praef.</span> <span class='ocrx_word' id='word_1_289' title='bbox 340 4102 366 4152; x_wconf 90' lang='lat' dir='ltr'>p.</span> <span class='ocrx_word' id='word_1_290' title='bbox 380 4081 508 4135; x_wconf 85' lang='lat' dir='ltr'>XXXIII.</span> <span class='ocrx_word' id='word_1_291' title='bbox 543 4080 618 4136; x_wconf 88' lang='lat' dir='ltr'>Num</span> <span class='ocrx_word' id='word_1_292' title='bbox 634 4085 710 4135; x_wconf 79' lang='lat' dir='ltr'>recte</span> <span class='ocrx_word' id='word_1_293' title='bbox 728 4087 803 4136; x_wconf 85' lang='lat' dir='ltr'>recte</span> <span class='ocrx_word' id='word_1_294' title='bbox 821 4081 918 4136; x_wconf 82' lang='lat' dir='ltr'>lecerit</span> <span class='ocrx_word' id='word_1_295' title='bbox 936 4081 1052 4136; x_wconf 88' lang='lat' dir='ltr'>dubium</span> <span class='ocrx_word' id='word_1_296' title='bbox 1070 4085 1173 4136; x_wconf 87' lang='lat' dir='ltr'>manet.</span> 
     </span>
    </p>
   </div>
   <div class='ocr_carea' id='block_1_7' title="bbox 0 0 1432 4776">
    <p class='ocr_par' dir='ltr' id='par_1_8' title="bbox 0 0 1432 4776">
     <span class='ocr_line' id='line_1_36' title="bbox 0 0 1432 4776; baseline 0 0"><span class='ocrx_word' id='word_1_297' title='bbox 0 0 1432 4776; x_wconf 95' lang='lat' dir='ltr'> </span> 
     </span>
    </p>
   </div>
  </div>
 </body>
</html>
