2856 4776
724 392 766 454 84

194 582 356 643 certamen
379 582 547 640 cruentum
569 577 589 640 i.
614 598 640 641 c.
664 581 701 640 ut
723 576 899 660 inciperent
921 574 1070 654 bellum“;
1095 575 1172 640 cho.
1191 580 1230 640 66
1254 571 1297 641 δι’

194 671 304 759 αἵματ’
320 671 504 742 ἐκποθένθ’
519 672 587 740 tat
607 673 730 757 χθονὸς
750 681 873 765 τροφοῦ
895 672 988 754 τίτας
1009 673 1109 763 φόνος
1131 675 1279 764 πέπηγεν
1286 708 1296 760 ,·

179 782 286 845 (Eum.
312 785 371 845 981
402 773 443 844 δι’
466 773 563 865 ὀργάν
597 780 664 859 „ira
693 780 858 843 incensus“
891 779 943 862 (of.
974 801 1047 844 vero
1077 772 1118 845 δι’
1140 773 1235 867 ὀργῆς
1263 783 1296 845 in

195 883 246 948 So.
271 882 348 947 Oed.
373 904 397 945 r.
423 886 484 946 807
508 887 541 946 et
562 874 641 968 ὀργᾷ
663 881 720 964 Ag.
739 882 832 965 215);
857 881 965 965 Suppl.
993 887 1051 947 105
1074 875 1116 946 δι’
1131 877 1215 964 διιόν
1236 880 1296 966 γό-

195 1008 257 1066 μον
279 980 430 1060 τεθαλὼς
452 978 755 1069 δυσπαραβούλοισι
777 979 908 1069 φρεσίν,·
942 989 1000 1048 107
1024 977 1066 1049 δι’
1085 977 1196 1049 όνοιαν
1216 1009 1296 1066 μαι-

195 1082 284 1151 νόλιν
315 1085 445 1170 κέντρον
476 1081 555 1165 ἔχων
584 1077 729 1171 όφνκτον
762 1088 813 1167 (ut
841 1085 886 1150 ibi
915 1086 1101 1153 scholiastes
1130 1087 1297 1172 ambiguus

196 1195 308 1255 eratu
286 1192 396 1253 utrum
418 1179 495 1253 δι”
474 1210 586 1251 ανοιαν
608 1208 650 1250 an
666 1183 811 1251 διάνοιαν
827 1187 926 1270 script
926 1208 980 1251 um
995 1187 1116 1267 fuisset,
1093 1189 1184 1253 tsic
1199 1191 1296 1254 etiam

195 1291 339 1357 homines
361 1291 447 1355 docti
421 1295 546 1355 ttnos
547 1311 601 1354 rae
630 1296 703 1354 aeta
705 1290 834 1372 tis).
870 1288 1051 1354 Falsissime
1082 1292 1143 1355 nisi
1173 1293 1298 1376 egregie

196 1393 293 1458 fallor
319 1392 545 1474 judicaverunt
566 1392 605 1457 de
627 1392 727 1456 loco
719 1415 752 1456 1n
774 1393 859 1456 Pers.
885 1395 946 1455 564
969 1385 1075 1456 διδδ
1096 1385 1222 1457 Ἰαόνιον
1242 1392 1298 1474 χέ-

196 1518 262 1581 ρας.
308 1494 447 1558 Metrum
469 1499 502 1558 et
523 1514 632 1558 sensus
655 1492 792 1559 dilucide
813 1495 929 1558 docent
949 1489 1004 1557 διά
1018 1500 1203 1578 corruptum
1219 1517 1296 1561 esse.

198 1596 315 1661 Omnes
337 1598 538 1679 conjecturae
560 1596 705 1678 prolatae
727 1596 935 1677 rejiciendam
959 1596 1076 1679 ambigi
1094 1599 1206 1680 nequit
1227 1620 1297 1664 eam

197 1698 366 1763 lectionem
394 1719 492 1781 quam
520 1697 596 1760 olim
619 1717 638 1760 a
662 1697 802 1780 Sauppio
825 1698 893 1762 viro
916 1698 1227 1780 doctissimo-audivi
1250 1724 1299 1766 re·

197 1806 282 1865 ctam
304 1820 388 1864 esse:
413 1794 447 1862 αί
471 1792 499 1863 δ
519 1793 645 1862 Ἰαόνων
666 1796 764 1884 χέρες.

282 1902 400 1966 Forma
429 1901 555 1984 gravior
585 1900 829 1984 praepositionis
859 1894 914 1962 διά
942 1904 990 1963 est
1018 1897 1169 1984 διαμπάξ
1189 1904 1300 1970 adver-

199 2005 303 2083 bium,
327 2003 505 2086 quodcum
528 2023 598 2086 gen.
622 2004 826 2085 conjunctum
846 2003 989 2066 invenies
1012 2003 1116 2069 Proin.
1142 2010 1180 2069 65
1199 1993 1300 2093 Ιστόρ-

199 2129 260 2169 νων
284 2100 435 2186 διαμπάξ
440 2133 449 2183 ,·
472 2105 580 2189 Suppl.
606 2110 667 2169 944
689 2097 784 2167 τῶνδ’
804 2099 970 2190 ἐφήλωται
991 2100 1118 2192 γόμφος
1140 2106 1299 2190 διαμπάξ.

199 2207 360 2291 Imprimis
390 2227 525 2270 nervosa
553 2213 601 2271 est
629 2206 802 2271 cumulatio
829 2207 885 2270 illa
914 2206 1022 2290 Suppl.
1049 2213 1109 2272 541
1135 2203 1248 2274 ἰάπτει
1271 2208 1302 2276 δ

191 2302 325 2386 Ἀσίδος
353 2302 395 2373 δι’
420 2302 495 2384 α’ίας
522 2304 705 2395 μηλοβότου
733 2303 874 2394 Φρυγίας
904 2305 1055 2390 διαμπάξ
1082 2331 1163 2392 quae
1191 2318 1301 2378 tamen

202 2411 357 2494 Aeschylo
379 2433 443 2475 non
464 2412 594 2495 propria
616 2417 664 2475 est
687 2410 741 2475 sed
756 2411 911 2493 imprimis
925 2413 1010 2494 apud
1025 2413 1217 2494 posteriores
1232 2436 1302 2480 sae-

201 2514 273 2597 pius
294 2515 462 2596 reperitur.
508 2513 661 2577 Conferas
690 2513 787 2577 etiam
816 2511 994 2599 διαμπερές
1025 2512 1102 2577 cho.
1127 2518 1189 2578 380
1216 2517 1303 2600 quod

201 2637 259 2699 per
281 2637 314 2680 se
337 2621 402 2680 stat
424 2614 603 2698 significans
627 2614 802 2698 „penitus“.

288 2722 317 2781 3.
349 2717 396 2781 De
420 2717 594 2800 compositis
622 2738 705 2800 quae
734 2718 917 2800 saepissime
945 2717 1094 2801 leguntur
1116 2720 1226 2803 paucis
1248 2721 1303 2785 ab·

203 2819 376 2899 solvemus,
399 2840 471 2883 cum
494 2818 686 2883 omniafere
709 2817 948 2903 accommodata
971 2820 1035 2884 sint
1057 2822 1134 2893 usui
1150 2823 1300 2904 generali.

202 2922 345 2986 Primum
367 2920 546 2984 indicantt
496 2922 649 2984 transit
651 2942 704 2983 um
726 2921 776 2985 vel
797 2942 936 3004 permrgr
938 2924 1077 2987 at1onem
1091 2945 1149 3007 per
1163 2946 1231 2989 rem
1247 2932 1303 2990 aut

204 3024 353 3108 spatium,
377 3044 449 3087 cum
470 3022 598 3106 proprie
621 3027 689 3086 tum
712 3023 839 3086 tralate.
885 3022 936 3086 Sic
952 3020 1140 3106 διαβαίνειν,
1165 3022 1303 3109 διαβόλ-

204 3126 271 3190 λειν
286 3121 390 3210 πόρον
412 3125 498 3189 Pers.
516 3129 594 3203 8643
618 3122 656 3187 fr.
675 3130 724 3203 71,
742 3130 777 3203 4;
801 3121 961 3189 διαΐσσειν
983 3126 1087 3190 Prom
1108 3131 1166 3192 133
1183 3129 1249 3194 dict
1235 3133 1302 3192 tum

205 3228 244 3292 de
267 3227 405 3309 clamore
425 3232 557 3290 antrum
579 3226 777 3309 penetranti3
802 3221 931 3311 διήκειν,
957 3221 1159 3313 διόρνσσθαι,
1184 3229 1300 3295 διαπε-

204 3332 280 3414 ρᾶν,·
321 3326 503 3408 διατέμνειν
534 3330 629 3411 γαῖαν
663 3334 864 3411 „permeare“
897 3328 1004 3410 Suppl.
1037 3335 1114 3409 5453
1155 3328 1302 3417 διάτορος

205 3431 325 3496 dictum
354 3431 394 3495 de
424 3429 558 3493 vinculis
585 3451 667 3512 quae
698 3450 827 3494 carnem
855 3429 924 3513 ejus
953 3431 1008 3512 qui
1035 3431 1173 3497 vincitur
1196 3437 1306 3498 secant

205 3533 309 3597 Prom.
334 3536 373 3594 76
393 3536 434 3614 ¹);
466 3531 507 3595 de
536 3536 623 3595 metu
655 3518 709 3614 qui
738 3533 879 3596 animum
909 3532 1022 3615 implet
1054 3539 1130 3616 181;
1164 3535 1203 3599 de
1226 3535 1306 3600 tuba

280 3777 299 3843 ¹)
335 3778 429 3846 Longe
447 3776 528 3829 aliter
546 3775 718 3828 Hermannus
742 3791 837 3827 vocem
861 3775 982 3843 accepit,
1010 3776 1162 3844 explicans:
1196 3777 1306 3832 »11101111-
1386 3768 1390 3773 ’

207 3867 253 3916 tur
272 3865 416 3932 compedes
435 3864 605 3931 perforatae,
631 3881 686 3915 non
710 3863 783 3930 quod
805 3864 968 3916 annulorum
993 3864 1081 3916 instar
1105 3881 1185 3917 crura
1204 3866 1306 3932 ample·

165 3969 167 3991 ¹
205 3955 316 4005 ctantur
323 3952 404 4020 ‚sed
427 3952 500 4020 quod
523 3951 658 4005 foramina
681 3948 785 4003 habent
773 3953 858 4019 tper
876 3968 946 4019 quae
965 3952 1036 4006 clavi
1055 3952 1148 4008 adacti
1166 3969 1211 4006 eas
1230 3953 1304 4006 saxis

179 4038 348 4110 ‘alligante
