2856 4776
738 393 777 458 62

205 574 244 645 δν
266 577 314 659 εἷς
335 576 444 660 οἴκους
465 576 632 663 μόλωμενς
669 585 730 644 833
755 571 888 643 eleos&
918 576 951 656 ἐς
972 573 1099 658 ultim,-
1136 585 1197 644 492
1225 585 1304 644 Μα-

204 681 352 772 γνήτικήν
388 685 423 749 δε
457 686 551 768 μαῖαν
580 678 613 759 ές
642 706 677 746 τε
705 678 908 746 Μακεδόνων
940 678 1046 768 χώραν
1075 675 1301 768 ἀφικόμεσθα,
1370 717 1373 720 ’

204 786 257 850 ubi
281 785 361 850 falso
378 785 561 850 Dindoriius
583 780 616 861 ές
630 809 666 848 τε
685 785 821 847 mutavit
843 785 875 846 in
899 775 974 869 ήδέ,·
995 785 1202 848 inveniuntur
1217 787 1304 849 enim

80 938 86 943 .
204 889 289 972 apud
312 889 501 972 Aeschylum
533 894 565 952 et
593 887 673 950 alios
702 891 814 970 poetas
836 886 997 968 permulta
1019 886 1166 970 exempla
1188 887 1305 969 quibus

130 1047 141 1060 „
204 992 397 1074 praepositio
430 990 555 1072 adjecto
585 995 634 1052 est
662 988 800 1054 seou'udo
830 987 971 1051 membro
1008 988 1061 1064 (os.
1086 989 1162 1052 Lob.
1187 989 1229 1053 ad
1253 988 1303 1072 ij,

205 1096 282 1170 397;
308 1092 415 1155 Aesoh.
441 1092 549 1175 Suppl.
575 1096 652 1170 3113
682 1090 767 1172 Sept.
793 1094 870 1168 8603
903 1093 976 1173 (Ag.
1000 1095 1077 1170 8433
1100 1091 1193 1153 Eum.
1212 1094 1304 1171 617);

204 1192 282 1257 Cho.
308 1197 386 1272 2323
416 1194 496 1258 Mus.
520 1192 609 1256 rheu.
634 1199 662 1272 7,
686 1194 777 1273 239);
806 1197 973 1274 praeterea
996 1193 1108 1256 vocula
1129 1186 1187 1279 ήδέ
1207 1195 1306 1258 ruris-

203 1293 281 1359 si’mo
304 1297 464 1359 invenitur
485 1295 519 1359 in
541 1295 706 1374 tuimetris3
721 1332 764 1341 -
787 1294 870 1356 Pers.
890 1298 928 1355 67
956 1292 1141 1379 πεπέρακεν
1163 1289 1181 1358 ό
1203 1317 1304 1381 στρα-

203 1393 259 1473 τός
281 1391 328 1474 εἰς
349 1390 527 1481 ἀντίπορον
548 1392 677 1480 γείτονα
704 1390 827 1481 χώραν,·
865 1399 927 1458 530
955 1389 1167 1480 προπέμπετ’
1190 1395 1224 1474 ές
1246 1394 1304 1461 δό-

202 1521 283 1580 μους
290 1527 300 1578 ,·
325 1504 404 1564 1068
421 1497 455 1575 ές
476 1496 595 1580 δόμους
616 1494 683 1577 κίε,·
707 1503 745 1561 97
763 1499 959 1583 παρασαίνει
973 1495 1092 1584 βροτόν
1114 1492 1161 1576 εἰς
1183 1492 1306 1583 όρκυας

192 1592 295 1677 ’Άτυς
316 1601 377 1684 (sio
393 1600 592 1683 legendum);
617 1604 677 1664 379
703 1596 736 1674 ἐς
757 1601 834 1662 ναῦν
856 1595 984 1685 exulem,-
1007 1605 1068 1663 790
1091 1595 1120 1664 εἰ
1141 1598 1185 1688 μή
1203 1623 1305 1688 στρα-

203 1695 351 1766 τεύοισθ’
374 1699 407 1779 ές
429 1699 486 1766 τὸν
504 1698 662 1789 Ἑλλήνιον
684 1696 789 1764 τόπον
796 1729 806 1779 ‚·
843 1701 934 1765 Eum.
960 1706 1021 1765 459
1052 1699 1162 1783 μολιῦν
1183 1698 1230 1780 εἰς
1252 1696 1305 1769 οἶ-

203 1827 276 1885 κον,·
309 1810 343 1867 11
377 1802 410 1881 ἐς
438 1801 533 1892 τήνδε
561 1807 656 1888 γαῖαν
677 1793 762 1890 ήλδε
783 1807 958 1889 Παρνησοῦ
980 1796 1016 1867 9)
1038 1801 1151 1891 έδραςς
1178 1811 1218 1871 56
1242 1805 1305 1892 φέ-

202 1929 269 1993 ρειν
292 1904 325 1984 ές
346 1900 533 1992 ἀνθρώπων
556 1906 689 1990 στέγας,·
712 1908 768 1988 Ag.
793 1907 851 1967 851
877 1902 911 1981 ές
932 1902 1085 1991 μέλαθρα
1106 1904 1162 1971 καὶ
1185 1903 1306 1989 δόμους

203 2005 373 2095 ἐφεστίους
395 2005 523 2090 eluctu-
545 2015 606 2074 435
631 2003 759 2083 σποδὸς
780 2001 827 2083 εἰς
850 2001 988 2070 ἑκάστου
1011 2004 1130 2088 δόμους
1152 2002 1304 2095 ἀφικνεῖ-

202 2133 275 2190 ται,·
296 2117 357 2176 966
381 2107 506 2197 φυλλὰς
527 2104 606 2174 ἵκετ’
629 2108 663 2187 ές
685 2105 822 2191 δόμους,·
844 2114 904 2173 737
929 2106 1042 2174 ἐλθεῖν
1067 2107 1100 2187 ές
1120 2103 1215 2175 Ἰλίου
1236 2107 1304 2173 πό-

203 2211 271 2291 λιν,·
307 2217 370 2275 400
400 2209 508 2276 έλθιόν
531 2210 564 2290 ές
586 2208 687 2293 δόμον
708 2207 765 2275 τὸν
780 2204 949 2296 Ἀτρειδᾶν
968 2217 1010 2294 1);
1048 2218 1109 2277 815
1133 2207 1182 2289 εἰς
1203 2207 1305 2294 αἱμα-

202 2310 298 2401 τήρόν
319 2318 429 2395 τεῦχος
452 2311 586 2402 ψήφους
607 2312 745 2394 ἔδεντος
782 2318 840 2377 911
872 2310 905 2389 ἐς
928 2308 1007 2396 δῶμ’
1029 2309 1203 2401 ήμεῖσδαις
1240 2320 1303 2378 957

203 2409 265 2498 εἶμ’
288 2413 321 2494 ές
344 2413 451 2498 δόμων
473 2415 642 2504 μέλαθρα,·
665 2417 741 2481 Cho.
755 2421 817 2480 914
839 2408 930 2480 οῦτοι
953 2409 983 2480 o’
1006 2409 1167 2504 ἀπέρριψ’
1190 2414 1223 2493 ές
1245 2413 1304 2480 δό-

202 2541 282 2601 μους
305 2518 506 2605 δορυξένους,·
544 2525 606 2584 938
628 2515 725 2600 έμολε
747 2511 774 2581 δ
797 2514 831 2594 ἒς
852 2513 954 2600 δόμον
975 2516 1031 2582 τόν
1046 2514 1305 2603 Ἀγαμέμνονοςς

204 2627 221 2686 3
246 2617 312 2707 ήκω
334 2617 393 2707 γὰρ
416 2618 449 2699 ἐς
469 2626 527 2708 γῆν
547 2617 657 2709 τήνδε,·
680 2626 740 2684 712
764 2612 813 2703 ἀγ)
831 2613 929 2683 αότὸν
943 2614 990 2698 εἷς
1012 2614 1192 2709 ἀνδριῦνας,·
1215 2621 1303 2705 Sept.

204 2727 264 2788 992
287 2724 451 2810 κατήλδες
473 2722 507 2800 ἐς
528 2720 645 2802 πόλιν,·
681 2723 790 2807 Suppl.
817 2727 877 2787 913
901 2719 935 2799 ἐς
956 2719 1055 2788 πόλιν
1076 2725 1188 2806 μολεῖν
1195 2752 1206 2805 ,·
1240 2726 1305 2790 330

202 2825 330 2890 κέλσειν
353 2822 386 2901 ές
403 2817 524 2911 ’Ἀργος
546 2825 598 2909 (of.
622 2847 696 2890 vero
717 2848 744 2888 v.
774 2829 810 2888 16
833 2823 948 2890 κέλσαι
970 2818 999 2889 δ’
1018 2818 1156 2912 Ἄργους
1177 2829 1305 2910 patav),-

203 2932 264 2992 852
288 2920 331 2990 κί’
353 2924 386 3004 ές
408 2924 484 3014 δόρυ
514 2929 566 3007 „in
593 2932 743 3006 nuvem“;
782 2932 843 2990 882
865 2923 990 3009 βαίνειν
1011 2933 1106 3014 βᾶριν
1128 2924 1175 3006 εἰς
1196 2922 1304 3016 ἀμφί·

203 3051 363 3117 στροφον,·
400 3034 461 3094 902
490 3027 523 3106 ές
549 3032 625 3092 ναῦν
653 3020 752 3108 sium
790 3032 851 3093 408
884 3025 975 3116 δίκην
1002 3031 1244 3118 κολυμβητῆρος
1271 3029 1306 3108 ἐς

275 3273 295 3342 l)
331 3273 458 3326 Summae
476 3272 640 3326 temeritatis
660 3277 702 3325 est
720 3273 793 3339 quod
811 3274 936 3325 nonnulli
948 3274 1101 3327 locutiones
1113 3274 1207 3342 quoles
1220 3277 1305 3344 θυμῷ

202 3356 267 3427 βόλε
288 3359 378 3413 Prom.
399 3358 462 3427 7063
493 3355 594 3426 κιδόνῳ
611 3360 705 3424 βαλεῖν
727 3360 800 3427 Sept.
824 3363 902 3428 104&
934 3365 998 3426 βτῖτε
1017 3357 1095 3430 δόμῳ
1118 3361 1303 3430 Eum10323

202 3445 296 3518 τύμβῳ
314 3443 430 3517 (τόφῳῬ)
445 3449 551 3514 χέουσα
570 3446 634 3500 cho.
649 3447 682 3498 87
702 3446 748 3514 (ef.
766 3464 831 3513 vero
848 3467 873 3501 v.
886 3449 930 3515 92)
950 3451 1001 3500 eto.
1020 3453 1162 3502 mutavere
1179 3450 1303 3502 inseren-

201 3541 244 3590 tes
261 3536 476 3604 praepositiones
499 3538 547 3586 aut
570 3535 655 3586 verbu
677 3535 840 3603 composita3
867 3535 990 3589 dativum
1009 3536 1124 3589 localem
1144 3537 1304 3606 saepissime

201 3625 286 3676 etiem
309 3623 488 3676 directionem
513 3621 636 3674 indicare
656 3623 750 3674 multis
774 3614 905 3690 exemplis
931 3623 1087 3692 Kruegerus
1111 3625 1145 3678 Il.
1170 3627 1212 3694 46,
1236 3627 1261 3694 2,
1286 3630 1304 3679 4

203 3711 371 3778 comprobet.
413 3709 508 3776 Neque
531 3708 561 3761 id
583 3709 751 3763 laudandum
774 3711 847 3777 quod
870 3711 1001 3777 permulti
1025 3715 1202 3766 mutaverunt
1225 3713 1304 3780 πέδῳ
1389 3781 1394 3788 ,

203 3797 277 3866 quod
293 3798 433 3850 invenitur
449 3796 479 3848 in
497 3797 680 3850 locutionibus
698 3795 775 3863 πέδῳ
793 3793 925 3863 σκήπτειυ
942 3797 1032 3851 Prom.
1052 3799 1103 3850 749
1141 3800 1215 3867 Sept.
1233 3803 1300 3869 4293

203 3883 281 3951 πέδῳ
300 3887 413 3934 πίπτειν
430 3883 509 3936 Eum.
529 3884 594 3952 4793
625 3885 688 3938 Cho.
707 3886 755 3951 483
783 3884 859 3951 πέδῳ
874 3889 937 3953 χεῖν
954 3885 1032 3938 Eum.
1053 3888 1112 3954 263,
1132 3888 1183 3938 653
1203 3889 1232 3939 in
1250 3892 1303 3940 πέ-

204 3970 250 4022 δοι
274 3972 348 4039 quod
365 3987 415 4039 per
432 3989 460 4024 so
478 3976 506 4024 et
523 3972 613 4040 ipsum
631 3972 761 4040 collocari
777 3973 876 4040 potuit.
913 3975 954 4028 De
976 3973 1065 4027 πέδον
1089 3980 1199 4037 πατεῖν,
1228 3977 1303 4043 quod

203 4056 269 4111 ferri
287 4058 394 4126 nequit,
421 4059 514 4114 videus
533 4059 625 4115 Herm.
645 4060 680 4113 ad
697 4065 750 4128 Ag.
771 4058 847 4114 1317.
