2856 4776
685 405 725 466 215

245 596 274 655 2.
319 593 372 657 De
401 589 639 674 sipar'flccticac
692 590 728 672 a)
762 581 832 653 οἷντό
861 589 902 654 ab
929 587 1084 672 Aeschylo
1112 584 1259 671 plurimis

160 692 237 758 locis
265 693 313 757 ita
342 692 513 758 adhibetur
540 698 578 755 ut
609 691 766 777 significet
786 692 959 756 discessum
980 691 1030 755 vel
1052 691 1260 755 remotionem

159 794 269 860 eloco
292 782 425 876 aliquos
452 800 510 858 aut
533 796 773 877 separationem
804 794 939 858 duarum
961 813 1069 858 rerum
1093 811 1176 875 quae
1196 811 1259 855 uno

160 896 268 979 aliquo
304 895 398 960 modo
435 896 626 978 conjunctae
661 897 746 960 inter
781 917 813 961 se
850 902 959 974 erant,
1001 916 1101 978 quum
1132 895 1260 978 proprio

159 1019 272 1077 sensu,
311 1004 380 1062 tum
406 997 479 1076 (sed
500 1019 649 1081 perraro3
680 997 720 1062 cf.
745 997 855 1075 infra.)
885 997 1110 1081 metaphorice.
1155 995 1261 1058 Motus

161 1120 330 1184 segregans
360 1100 433 1164 illas
461 1121 512 1164 ros
541 1100 611 1166 fieri
642 1105 747 1183 potest
774 1107 809 1164 et
838 1102 871 1163 in
902 1101 1004 1164 altum
1033 1105 1066 1164 ct
1095 1099 1128 1162 in
1157 1098 1261 1162 locum

161 1203 323 1268 subditum
352 1207 385 1266 et
406 1223 464 1285 per
494 1222 641 1285 aequum.
687 1202 750 1266 Res
779 1223 861 1284 quae
890 1204 1101 1287 sejunguntur
1122 1203 1208 1266 inter
1228 1218 1262 1264 se

163 1311 238 1370 sunt
260 1304 399 1387 impares
420 1305 468 1368 ita
490 1310 526 1368 ut
548 1304 651 1368 altera
665 1305 1004 1388 cogiteturcontinens
1018 1305 1053 1368 in
1067 1325 1101 1368 se
1116 1303 1261 1381 alteram,

163 1406 268 1490 potior
294 1426 392 1488 quam
414 1405 525 1484 altera,
548 1424 648 1489 quum
670 1402 763 1492 παρά
786 1428 811 1471 ο.
835 1427 905 1490 gen.
929 1406 1090 1471 describat
1112 1406 1264 1470 dusares

163 1508 305 1593 ejusdcm
334 1507 400 1571 fere
434 1507 601 1591 dignitatis
635 1514 668 1573 ct
700 1509 902 1574 auctoritatis
932 1514 970 1572 ut
1001 1510 1082 1574 duas
1110 1527 1264 1592 personas

163 1630 245 1694 quac
267 1615 458 1692 separantur
469 1614 503 1688 1).
548 1610 611 1676 Sed
634 1610 721 1676 haud
742 1631 816 1676 raro
839 1611 900 1676 hae
914 1612 1164 1695 praepositiones
1179 1609 1264 1693 quod

162 1712 313 1778 facillime
340 1710 410 1776 fieri
434 1713 540 1794 potuit
568 1713 654 1777 inter
687 1734 719 1777 se
752 1720 1003 1793 commutantur;
1041 1714 1095 1795 (of.
1125 1712 1263 1796 exempli
1324 1731 1335 1753 ³

162 1836 260 1880 causa
280 1815 339 1898 Ag.
364 1816 426 1877 240
449 1818 482 1877 et
503 1813 614 1897 Suppl.
642 1819 725 1896 199).
758 1818 815 1898 Ag.
839 1820 901 1880 420
925 1808 982 1903 ἀφ’
1000 1811 1186 1893 Ἑλλανίδος
1206 1817 1265 1898 γᾶς

163 1914 387 2001 concupiscam
424 1916 511 1980 Pers.
546 1920 608 1980 270
635 1920 694 1999 γᾶς
720 1909 780 1981 ἄντ’
799 1910 933 1994 Ἀσίδος
960 1908 1079 2005 pisiam
1095 1922 1176 1981 ÷865
1208 1909 1265 2002 ἀφ)

163 2014 275 2096 ἑστίας
304 2013 438 2097 osirim·
475 2017 585 2101 Suppl.
611 2022 672 2083 214
701 2013 818 2105 φυγάδ’
847 2013 907 2082 ἀπ’
930 2013 1067 2105 οὐρανοῦ
1088 2015 1186 2099 aeta
1223 2026 1263 2084 75

163 2119 247 2208 φορὴ
277 2114 389 2207 ἀερίοις
415 2113 485 2187 cao
514 2124 592 2203 γᾰςς
630 2127 647 2186 3
676 2117 794 2186 στόλον
821 2119 911 2187 νάϊον
932 2115 1065 2209 ἀρθέντ’
1087 2116 1158 2185 ἀπὸ
1181 2126 1265 2208 ν’τρο-

164 2219 307 2305 στομίων
336 2217 458 2287 Νείλου
465 2249 476 2302 ,·
518 2227 581 2302 430
609 2216 680 2287 ἀπὸ
710 2222 849 2310 βρετέων
874 2219 1034 2310 δίγοσδαις
1069 2226 1174 2289 Proin.
1203 2229 1266 2288 400

163 2319 222 2389 ἀπ’
245 2319 353 2391 δσσων
372 2324 511 2409 ραδινδιν
529 2319 683 2407 altcarius
698 2324 787 2411 ρέος,·
809 2333 871 2393 748
887 2320 994 2414 ἔρριψ’
1011 2322 1151 2414 ἐμαυτὴν
1173 2317 1267 2412 τῆσδ’

167 2419 238 2491 οἷττό
260 2421 407 2512 στύφλου
427 2425 567 2511 πέτραςς
590 2431 649 2490 721
666 2424 818 2510 πόταμος
840 2427 966 2516 ἐκφυσᾷ
986 2428 1084 2510 μένος
1096 2423 1267 2514 κροτάφων

168 2521 233 2593 ἅττ’-
250 2522 373 2607 civim
395 2532 454 2592 811
472 2523 643 2611 Βυβλίνων
664 2523 750 2616 δρῶν
771 2525 840 2596 iimo
861 2532 931 2618 ἵησι
953 2531 1074 2607 Νεῖλος
1094 2529 1183 2617 pios,-
1205 2535 1267 2594 838

168 2627 294 2696 κόλπον
313 2625 402 2706 Ῥέας
425 2622 481 2716 ἀφ’
504 2619 541 2693 οὗ
554 2628 723 2713 χειμάζεις
746 2636 803 2718 Ag.
825 2639 883 2699 192
907 2629 1009 2697 πνοαὶ
1030 2629 1060 2698 δ’
1081 2626 1150 2697 ἀπὸ
1166 2636 1267 2719 Στρο-

168 2729 267 2815 μόνος
292 2731 470 2815 μολοῦσαις
506 2732 546 2796 ir.
567 2739 618 2808 45,
643 2739 662 2799 3
690 2727 813 2822 ὄμβρος
843 2729 872 2800 δ)
894 2729 954 2800 ἅττ)
982 2729 1117 2823 οὐρανοῦ
1140 2730 1269 2814 rraociu,⁸

170 2838 226 2920 Ag.
251 2840 292 2900 46
316 2829 433 2898 στόλον
454 2830 547 2921 τῆσδ)
569 2828 638 2899 ἀπὸ
658 2832 765 2923 χώρας
785 2827 873 2926 ἦραν.
918 2839 1027 2905 Pauca
1047 2839 1127 2902 mihi
1147 2838 1209 2903 hoc
1230 2839 1270 2902 de

170 2960 230 3002 usu
251 2936 399 3002 addenda
421 2942 517 3001 sunt..
555 2938 746 3022 Exemplum
767 2941 969 3006 attractionis
991 2941 1078 3024 apud
1099 2940 1267 3005 articulum

172 3039 226 3117 (ci.
242 3039 399 3121 Kruegeri
411 3060 458 3121 gr.
474 3039 499 3102 1.
515 3043 564 3116 00,
580 3042 608 3118 8,
623 3044 675 3120 14)
691 3047 798 3108 exstat
812 3045 846 3107 in
861 3045 918 3127 Ag.
937 3048 999 3108 538
1020 3043 1119 3130 κῆρυξ
1130 3034 1271 3124 Ἀχαιῶν

170 3146 262 3231 χαῖρε
275 3146 340 3208 τῶν
354 3135 422 3206 ἀπὸ
439 3142 587 3225 στρατοῦ,
611 3151 826 3227 praegnanter
849 3150 1046 3210 contractum
1070 3167 1110 3208 ex
1131 3147 1217 3224 ,μῶν
1237 3142 1271 3208 ἐν

172 3249 321 3334 στρατῷίί
344 3251 376 3309 ct
397 3242 517 3330 ,μῆρυξ
529 3232 599 3305 ἀπὸ
616 3254 776 3338 capavum
793 3250 827 3332 (i.
839 3269 864 3312 c.
880 3238 1017 3333 ἅγγελος
1031 3250 1171 3334 στρατοῦ
1186 3247 1271 3330 quod

139 3426 141 3431 ,
170 3351 305 3435 legimus
327 3347 437 3431 Suppl·
458 3347 549 3423 180);
573 3353 719 3420 similiter
739 3353 861 3418 dictum
883 3355 932 3415 eat
955 3349 1064 3433 Suppl.
1084 3353 1143 3412 271
1167 3341 1272 3429 ilgovo'

170 3447 209 3519 tv
230 3449 290 3543 ἤδη
311 3448 391 3522 τάπ’
407 3455 487 3540 ἐμοῦ
507 3456 664 3548 τεκμήρια
685 3459 706 3522 i.
723 3479 752 3521 a.
776 3437 836 3518 ἅττ’
852 3450 931 3534 ἐμοῦ
946 3446 994 3515 τὰ
1016 3446 1079 3533 ἐμὰ
1100 3472 1208 3532 τεκμ.;
1231 3453 1270 3514 ο1’.

170 3557 221 3623 So.
245 3558 326 3623 Phil.
354 3565 448 3643 1088;
473 3567 551 3643 560;
575 3562 652 3628 Oed.
669 3561 703 3624 0.
722 3563 793 3623 453.
819 3557 931 3634 (Recte
956 3553 1039 3618 hunc
1061 3573 1154 3618 usum
1174 3553 1271 3617 otiam

169 3662 329 3728 Kuehner.
354 3664 493 3746 explicat
515 3687 561 3749 gr.
585 3687 629 3748 gr.
653 3665 679 3746 §.
705 3661 790 3739 623).
835 3656 1016 3723 Notabilior
1044 3660 1093 3719 cst
1120 3654 1209 3719 locus
1236 3655 1271 3718 in

169 3766 227 3849 Ag.
252 3769 313 3830 493
345 3759 452 3855 κήρινί
474 3757 534 3831 ἀπ’
556 3759 656 3853 οἷκτῆς
676 3755 763 3829 τόνδ’
785 3756 850 3848 ὁρῶ
885 3759 1083 3840 „venientem
1106 3778 1145 3822 ex
1166 3751 1272 3821 traetir

172 3938 379 3950 ...νοω-..κ’-

240 4009 261 4079 ¹)
297 4007 332 4063 cl.
351 4008 382 4060 Β.
400 4006 499 4062 Giseko
532 4007 591 4060 »die
614 4005 717 4059 allm'al.
743 4003 869 4057 Eutsteh.
896 4003 946 4057 dor
964 4003 1088 4071 Gastnge
1106 4002 1156 4056 ‹ler
1172 4000 1204 4055 11.
1224 4018 1272 4055 aus

169 4097 387 4156 Untcrschieden
404 4097 453 4150 der
470 4095 680 4163 Propositionen
697 4092 919 4162 nachgcwiesen«
939 4108 967 4161 p.
983 4092 1042 4146 103.
