2856 4776
692 352 732 416 72

160 539 247 605 hin“.
293 537 341 603 De
363 538 539 622 rejicienda
560 538 736 604 Hermauni
752 538 937 622 conjectura
951 539 985 603 in
999 539 1085 605 Pers.
1103 543 1165 605 670
1181 535 1269 604 κατὰ

159 644 218 725 γᾶς
248 660 306 726 pro
336 635 421 703 κατὰ
448 643 517 716 πᾶς
547 640 585 704 cf.
611 641 813 706 Dindorfium
836 642 870 705 in
893 641 1007 706 Philcl.
1035 647 1082 721 15,
1106 647 1184 722 4903
1215 663 1290 731 reg

159 743 323 828 pudienda
352 743 495 806 Piersoni
525 763 650 826 quoque
677 743 834 827 judicium
863 743 898 806 in
927 743 1008 808 Mus.
1038 744 1182 809 rhenano
1216 749 1267 824 11,

163 851 223 910 114
245 866 312 930 sqq.
336 881 380 892 -
401 844 451 907 Ex
473 844 533 908 hac
556 842 787 927 significatione
812 845 891 925 „auf
909 883 950 892 -
972 845 1092 912 herab“
1116 847 1269 930 provenit

160 947 207 1011 ris
229 945 474 1030 praepositionis
496 945 627 1028 patendi
650 952 683 1009 01
707 947 889 1029 pertinendi
917 948 958 1013 ad
980 948 1076 1012 aliam
1100 970 1184 1028 rem,
1216 949 1269 1012 in-

160 1049 272 1133 primis
295 1048 483 1131 conjunctae
501 1055 573 1112 c'um
596 1047 786 1112 dictionibus
809 1049 1061 1133 vituperationis,
1083 1057 1120 1115 ut
1142 1052 1270 1115 exoria-

160 1156 214 1215 tur
235 1148 432 1234 significatus
457 1155 617 1230 „contra“,
655 1150 709 1233 qui
732 1151 770 1214 de
793 1171 827 1214 re
850 1152 989 1218 maxime
1011 1152 1136 1217 infenso
1158 1153 1269 1217 animo

161 1258 194 1318 et
215 1252 351 1317 nocendi
373 1272 470 1316 causa
492 1258 640 1336 suscepta
664 1252 790 1317 dicitur.
848 1252 957 1337 Suppl.
981 1259 1043 1320 485
1076 1248 1146 1319 κατ’
1168 1247 1270 1341 ἀρχῆς

143 1349 221 1440 ’γὰρ
250 1349 418 1440 φιλαίτιος
446 1349 527 1430 λειίς
556 1355 608 1434 „in
637 1355 844 1437 magistratus
866 1356 1003 1439 populus
1026 1357 1197 1441 opprobria
1219 1357 1269 1423 di-

162 1477 233 1522 cere
256 1461 381 1535 amat“;
417 1455 501 1538 Sept.
529 1461 588 1520 198
611 1460 726 1542 ψῆφος
749 1450 819 1520 κατ’
841 1449 948 1521 αὐτῶν
969 1451 1108 1544 ὀλεθρία
1130 1455 1269 1541 βουλεύ-

163 1577 275 1637 oecum-
297 1562 358 1622 406
382 1550 500 1634 καύτὸς
520 1549 598 1621 καθ)
614 1552 714 1620 αὑτοῦ
735 1551 926 1646 τήνδ’ῧβριν
941 1557 1156 1642 μαντεύσεται
1179 1562 1270 1646 „ipse

163 1667 273 1725 eontra
288 1661 393 1744 ipsum
408 1660 468 1724 hoc
484 1660 620 1725 dedecus
641 1660 873 1743 praedixerit“;
897 1662 974 1728 Cho.
991 1668 1051 1727 221
1076 1657 1174 1740 αὐτὸς
1187 1658 1270 1728 καθ’

163 1757 262 1826 αὑτοῦ
284 1763 317 1840 (i.
342 1783 368 1826 e.
394 1757 548 1842 iprucaod)
571 1753 653 1847 adpo
675 1768 921 1849 μηχανορραφῶ.
944 1804 987 1813 -
1008 1767 1079 1831 Non
1101 1767 1150 1830 ita
1171 1782 1270 1850 saepe

162 1864 324 1928 invenitur
346 1863 463 1929 locutio
486 1865 672 1928 adverbium
694 1865 955 1930 circumscribens
977 1860 1047 1930 κατ’
1070 1859 1170 1952 dapar
1194 1885 1270 1952 „pe-

163 1968 259 2046 01100,
281 1965 456 2046 funditus“,
479 1987 560 2050 quae
584 1965 659 2029 inde
683 1967 723 2030 ab
739 1967 878 2032 Homero
901 1968 934 2032 01
955 1968 1072 2034 Ionicis
1093 1970 1269 2051 invenitur,

164 2089 359 2152 quamquam
385 2089 459 2132 raro
490 2070 575 2152 apud
604 2068 779 2151 prosarios;
817 2069 856 2133 cf.
880 2071 1079 2154 Kruegerum
1101 2071 1144 2136 ad
1166 2070 1268 2137 Thue.

164 2171 218 2236 IV.
239 2176 307 2249 112,
324 2175 362 2250 2;
386 2170 476 2252 cujus
498 2169 654 2234 formulae
677 2171 716 2234 de
739 2176 811 2235 ortu
831 2171 900 2254 jam
924 2177 1045 2237 veteres
1067 2175 1270 2256 grammatici

165 2273 356 2338 dubitabant
377 2273 545 2355 variasque
567 2272 797 2355 explicationes
818 2280 1059 2356 proposuerunt.
1098 2275 1174 2340 Cho.
1194 2281 1267 2340 691.

164 2413 207 2443 τ-
240 2376 323 2453 Quid
351 2377 384 2439 in
413 2374 451 2438 fr.
479 2379 537 2438 113
568 2370 652 2437 κατὰ
673 2377 731 2460 τῆς
753 2369 904 2460 σισύρνης
925 2379 984 2461 τῆς
1005 2375 1154 2454 leocadae
1175 2395 1269 2461 prae-

165 2474 280 2561 positio
303 2476 460 2560 significat
482 2474 608 2540 difficile
631 2477 743 2541 estad
766 2476 1015 2560 dijudicandum.

250 2580 285 2662 b)
313 2580 416 2643 Multo
445 2580 553 2662 plures
585 2585 660 2643 sunt
681 2579 743 2643 loci
767 2580 821 2662 qui
844 2580 1000 2663 praebent
1020 2575 1104 2644 aurci
1125 2605 1152 2645 c.
1178 2605 1270 2646 oceu-

166 2682 274 2745 001100.
320 2681 390 2746 Hoc
411 2682 514 2765 primo
536 2681 605 2747 1000
627 2703 783 2764 ponamus
805 2677 888 2745 00001
911 2703 936 2745 0.
961 2703 1025 2746 acc.
1050 2683 1191 2748 indicare
1213 2685 1270 2750 ad-

163 2784 362 2867 junctionem
384 2784 434 2846 vel
465 2783 677 2866 adjectionem
706 2784 842 2849 duarum
865 2806 987 2863 rerum,
1011 2785 1162 2850 interiore
1184 2808 1270 2852 nexu

166 2893 200 2950 et
221 2884 423 2968 colligatione
444 2906 505 2948 non
527 2886 753 2950 intercedente.
799 2886 964 2964 Quare‘fit
985 2892 1022 2951 ut
1044 2887 1130 2970 quod
1152 2889 1271 2955 attinet

167 2988 208 3052 ad
230 2988 294 3051 vim
316 2986 450 3052 localem
471 2981 555 3049 κατά
576 3008 602 3051 0.
620 3006 683 3051 000.
708 2986 937 3053 diversissimas
960 2993 992 3052 01
1014 2989 1108 3073 longe
1131 2990 1214 3054 inter
1236 3013 1271 3056 se

168 3091 325 3155 distantes
353 3090 495 3154 rationes
523 3088 665 3154 indicare
695 3090 803 3172 possit.
856 3090 893 3154 In
924 3091 1039 3174 quibus
1066 3093 1270 3158 recensendis

166 3194 357 3278 incipiamus
381 3192 422 3256 ab
443 3213 480 3256 eo
502 3193 747 3276 praepositionis
770 3213 830 3256 usu
857 3215 919 3276 quo
942 3189 1025 3255 acad
1048 3193 1145 3259 habet
1167 3194 1270 3259 notic-

167 3317 240 3360 nem
263 3293 416 3378 sequendi
437 3300 560 3358 motum
583 3296 731 3359 deorsum
752 3295 883 3359 factum.
933 3296 985 3359 Ita
1005 3288 1075 3359 κατ’
1097 3284 1192 3382 σῦρον
1214 3289 1269 3360 c'a'-

167 3420 279 3484 ρονται
299 3390 403 3481 φυγήν
433 3402 621 3478 „sequentes
649 3402 796 3475 rentum,
831 3417 902 3460 cum
931 3402 1045 3462 00010ιι
1079 3399 1130 3477 (cf.
1154 3399 1268 3464 Trach.

169 3505 263 3580 467);
297 3498 382 3582 Sept.
408 3502 468 3561 697
499 3490 559 3561 ἴσω
586 3491 656 3561 κατ’
678 3487 772 3584 σῦρον
793 3502 925 3561 -σᾶν
948 3495 992 3562 τὸ
1021 3498 1135 3564 Λαΐου
1162 3498 1287 3583 γένος,·’

169 3606 230 3667 845
254 3593 324 3663 κατ’
346 3589 439 3685 οὖρον
463 3596 610 3685 ἐρέσσετε
633 3594 811 3681 πόμπιμον
830 3601 937 3684 χερσῖν
959 3594 1112 3680 πίτυλον,
1153 3603 1270 3685 quibus

169 3696 293 3768 duobus
322 3703 399 3768 locis
429 3694 498 3767 κατ’
521 3691 615 3787 σῦρον
645 3701 861 3785 metaphorice
890 3708 1079 3787 usurpatum
1111 3725 1269 3770 summam
1322 3744 1326 3749 ·

169 3807 323 3890 pereundi
346 3811 378 3869 et
400 3805 534 3870 feriendi
556 3803 753 3869 celeritatem
776 3801 934 3869 describit.
985 3793 1096 3888 Neque
1125 3796 1269 3872 diversae

169 3914 304 3972 naturae
334 3912 409 3972 sunt
438 3906 593 3986 dictiones
614 3904 672 3988 Ag.
696 3908 756 3968 695
781 3898 851 3969 κατ)
872 3899 960 3986 ἴχνος
981 3907 1033 3986 (cf.
1058 3906 1167 3993 Suppl.
1193 3914 1268 3988 538)

171 4002 467 4095 alurdv'dpu'vtor
488 4004 660 4083 κέλσαντες
689 4028 730 4072 00.
753 4001 931 4089 ἔπλευσαν,
964 4009 1052 4092 quod
1074 4011 1205 4077 verbum
1228 4031 1269 4077 ex
