<?xml version="1.0" encoding="UTF-8"?>
<!DOCTYPE html PUBLIC "-//W3C//DTD XHTML 1.0 Transitional//EN"
    "http://www.w3.org/TR/xhtml1/DTD/xhtml1-transitional.dtd">
<html xmlns="http://www.w3.org/1999/xhtml" xml:lang="en" lang="en">
 <head>
  <title>
</title>
<meta http-equiv="Content-Type" content="text/html;charset=utf-8" />
  <meta name='ocr-system' content='tesseract 3.04.00' />
  <meta name='ocr-capabilities' content='ocr_page ocr_carea ocr_par ocr_line ocrx_word'/>
</head>
<body>
  <div class='ocr_page' id='page_1' title='image "./depraepositionu00menggoog_0018.png"; bbox 0 0 2856 4776; ppageno 0'>
   <div class='ocr_carea' id='block_1_1' title="bbox 654 429 691 494">
    <p class='ocr_par' dir='ltr' id='par_1_1' title="bbox 654 429 691 494">
     <span class='ocr_line' id='line_1_1' title="bbox 654 429 691 494; baseline 0 0"><span class='ocrx_word' id='word_1_1' title='bbox 654 429 691 494; x_wconf 87' lang='grc'>13</span> 
     </span>
    </p>
   </div>
   <div class='ocr_carea' id='block_1_2' title="bbox 99 615 1256 2025">
    <p class='ocr_par' dir='ltr' id='par_1_2' title="bbox 99 615 1256 2025">
     <span class='ocr_line' id='line_1_2' title="bbox 118 615 1221 702; baseline -0.008 -17"><span class='ocrx_word' id='word_1_2' title='bbox 118 622 162 685; x_wconf 82' lang='lat' dir='ltr'>sis</span> <span class='ocrx_word' id='word_1_3' title='bbox 182 620 433 702; x_wconf 78' lang='lat' dir='ltr'>haudquaquam</span> <span class='ocrx_word' id='word_1_4' title='bbox 456 617 683 699; x_wconf 66' lang='lat' dir='ltr'>stritui‘potest</span> <span class='ocrx_word' id='word_1_5' title='bbox 704 616 854 698; x_wconf 88' lang='lat' dir='ltr'>quoniam</span> <span class='ocrx_word' id='word_1_6' title='bbox 876 615 1146 698; x_wconf 84' lang='lat' dir='ltr'>praepositionem</span> <span class='ocrx_word' id='word_1_7' title='bbox 1168 632 1221 676; x_wconf 89' lang='lat' dir='ltr'>ex-</span> 
     </span>
     <span class='ocr_line' id='line_1_3' title="bbox 120 713 1222 805; baseline -0.007 -19"><span class='ocrx_word' id='word_1_8' title='bbox 120 723 197 805; x_wconf 91' lang='lat' dir='ltr'>cipit</span> <span class='ocrx_word' id='word_1_9' title='bbox 227 721 391 802; x_wconf 77' lang='lat' dir='ltr'>genetivus</span> <span class='ocrx_word' id='word_1_10' title='bbox 421 740 524 800; x_wconf 88' lang='lat' dir='ltr'>neque</span> <span class='ocrx_word' id='word_1_11' title='bbox 555 716 732 782; x_wconf 88' lang='lat' dir='ltr'>sententiae</span> <span class='ocrx_word' id='word_1_12' title='bbox 762 737 858 781; x_wconf 85' lang='lat' dir='ltr'>causa</span> <span class='ocrx_word' id='word_1_13' title='bbox 887 713 953 803; x_wconf 73' lang='grc' dir='ltr'>πρό</span> <span class='ocrx_word' id='word_1_14' title='bbox 975 718 1061 779; x_wconf 87' lang='lat' dir='ltr'>trahi</span> <span class='ocrx_word' id='word_1_15' title='bbox 1084 717 1157 778; x_wconf 89' lang='lat' dir='ltr'>licet</span> <span class='ocrx_word' id='word_1_16' title='bbox 1181 715 1222 778; x_wconf 87' lang='lat' dir='ltr'>ad</span> 
     </span>
     <span class='ocr_line' id='line_1_4' title="bbox 117 817 1223 910; baseline -0.007 -24"><span class='ocrx_word' id='word_1_17' title='bbox 117 819 303 910; x_wconf 78' lang='grc' dir='ltr'><em>χρημάτων,</em></span> <span class='ocrx_word' id='word_1_18' title='bbox 328 821 412 904; x_wconf 90' lang='lat' dir='ltr'>quod</span> <span class='ocrx_word' id='word_1_19' title='bbox 435 820 637 883; x_wconf 85' lang='lat' dir='ltr'>Hermannus</span> <span class='ocrx_word' id='word_1_20' title='bbox 660 819 775 898; x_wconf 88' lang='lat' dir='ltr'>voluit;</span> <span class='ocrx_word' id='word_1_21' title='bbox 809 819 943 882; x_wconf 83' lang='lat' dir='ltr'>fortasse</span> <span class='ocrx_word' id='word_1_22' title='bbox 967 817 1152 901; x_wconf 87' lang='lat' dir='ltr'>accipienda</span> <span class='ocrx_word' id='word_1_23' title='bbox 1173 820 1223 879; x_wconf 91' lang='lat' dir='ltr'>est</span> 
     </span>
     <span class='ocr_line' id='line_1_5' title="bbox 120 914 1220 1006; baseline -0.008 -18"><span class='ocrx_word' id='word_1_24' title='bbox 120 924 269 988; x_wconf 84' lang='lat' dir='ltr'>Ahrensii</span> <span class='ocrx_word' id='word_1_25' title='bbox 289 928 312 1004; x_wconf 89' lang='lat'>¹)</span> <span class='ocrx_word' id='word_1_26' title='bbox 346 923 528 1004; x_wconf 85' lang='lat' dir='ltr'>conjectura</span> <span class='ocrx_word' id='word_1_27' title='bbox 560 921 687 1004; x_wconf 87' lang='lat' dir='ltr'>(Philol.</span> <span class='ocrx_word' id='word_1_28' title='bbox 718 920 826 1003; x_wconf 84' lang='lat' dir='ltr'>Suppl.</span> <span class='ocrx_word' id='word_1_29' title='bbox 853 922 876 983; x_wconf 90' lang='grc' dir='ltr'>Ι.</span> <span class='ocrx_word' id='word_1_30' title='bbox 902 923 979 1002; x_wconf 86' lang='grc'>602)</span> <span class='ocrx_word' id='word_1_31' title='bbox 1014 914 1220 1006; x_wconf 78' lang='grc' dir='ltr'><em>ωσρημάσων.</em></span> 
     </span>
     <span class='ocr_line' id='line_1_6' title="bbox 121 1019 1222 1107; baseline -0.006 -18"><span class='ocrx_word' id='word_1_32' title='bbox 121 1025 192 1089; x_wconf 82' lang='lat' dir='ltr'>Sive</span> <span class='ocrx_word' id='word_1_33' title='bbox 219 1027 252 1088; x_wconf 92' lang='lat' dir='ltr'>in</span> <span class='ocrx_word' id='word_1_34' title='bbox 282 1023 391 1107; x_wconf 89' lang='lat' dir='ltr'>Suppl.</span> <span class='ocrx_word' id='word_1_35' title='bbox 415 1028 476 1086; x_wconf 92' lang='grc'>882</span> <span class='ocrx_word' id='word_1_36' title='bbox 508 1020 682 1106; x_wconf 76' lang='lat' dir='ltr'>accipietur</span> <span class='ocrx_word' id='word_1_37' title='bbox 710 1023 888 1086; x_wconf 90' lang='lat' dir='ltr'>Hermanni</span> <span class='ocrx_word' id='word_1_38' title='bbox 917 1023 1077 1087; x_wconf 75' lang='lat' dir='ltr'>restitutio</span> <span class='ocrx_word' id='word_1_39' title='bbox 1100 1019 1222 1101; x_wconf 78' lang='grc' dir='ltr'><em>λυμαν-</em></span> 
     </span>
     <span class='ocr_line' id='line_1_7' title="bbox 120 1121 1224 1212; baseline -0.005 -22"><span class='ocrx_word' id='word_1_40' title='bbox 120 1123 196 1203; x_wconf 63' lang='lat' dir='ltr'>aits</span> <span class='ocrx_word' id='word_1_41' title='bbox 218 1122 257 1190; x_wconf 77' lang='grc' dir='ltr'>σὺ</span> <span class='ocrx_word' id='word_1_42' title='bbox 280 1123 347 1212; x_wconf 77' lang='grc' dir='ltr'>πρὸ</span> <span class='ocrx_word' id='word_1_43' title='bbox 367 1131 426 1210; x_wconf 71' lang='grc' dir='ltr'>γᾶς</span> <span class='ocrx_word' id='word_1_44' title='bbox 447 1121 614 1201; x_wconf 66' lang='lat' dir='ltr'>ildonea,</span> <span class='ocrx_word' id='word_1_45' title='bbox 639 1125 704 1188; x_wconf 88' lang='lat' dir='ltr'>sive</span> <span class='ocrx_word' id='word_1_46' title='bbox 727 1123 862 1188; x_wconf 89' lang='lat' dir='ltr'>aliorum</span> <span class='ocrx_word' id='word_1_47' title='bbox 885 1126 1085 1206; x_wconf 89' lang='lat' dir='ltr'>conjecturas</span> <span class='ocrx_word' id='word_1_48' title='bbox 1106 1121 1224 1204; x_wconf 88' lang='lat' dir='ltr'>probo-</span> 
     </span>
     <span class='ocr_line' id='line_1_8' title="bbox 99 1223 1222 1313; baseline -0.005 -20"><span class='ocrx_word' id='word_1_49' title='bbox 99 1304 101 1308; x_wconf 68' lang='lat'>,</span> <span class='ocrx_word' id='word_1_50' title='bbox 120 1231 239 1307; x_wconf 90' lang='lat' dir='ltr'>bimus,</span> <span class='ocrx_word' id='word_1_51' title='bbox 269 1230 365 1293; x_wconf 88' lang='lat' dir='ltr'>verba</span> <span class='ocrx_word' id='word_1_52' title='bbox 387 1223 453 1313; x_wconf 73' lang='grc' dir='ltr'>πρὸ</span> <span class='ocrx_word' id='word_1_53' title='bbox 476 1231 535 1311; x_wconf 76' lang='grc' dir='ltr'>γᾶς</span> <span class='ocrx_word' id='word_1_54' title='bbox 555 1227 600 1290; x_wconf 89' lang='lat' dir='ltr'>ibi</span> <span class='ocrx_word' id='word_1_55' title='bbox 623 1232 708 1290; x_wconf 91' lang='lat' dir='ltr'>certo</span> <span class='ocrx_word' id='word_1_56' title='bbox 731 1232 881 1290; x_wconf 86' lang='lat' dir='ltr'>constant</span> <span class='ocrx_word' id='word_1_57' title='bbox 898 1229 941 1307; x_wconf 83' lang='lat'>²),</span> <span class='ocrx_word' id='word_1_58' title='bbox 973 1226 1087 1309; x_wconf 82' lang='lat' dir='ltr'>qulbus</span> <span class='ocrx_word' id='word_1_59' title='bbox 1109 1238 1222 1288; x_wconf 71' lang='lat' dir='ltr'>sensus</span> 
     </span>
     <span class='ocr_line' id='line_1_9' title="bbox 121 1327 1204 1414; baseline -0.005 -20"><span class='ocrx_word' id='word_1_60' title='bbox 121 1331 268 1394; x_wconf 81' lang='lat' dir='ltr'>inhaeret</span> <span class='ocrx_word' id='word_1_61' title='bbox 290 1331 459 1413; x_wconf 86' lang='lat' dir='ltr'>,depulsus</span> <span class='ocrx_word' id='word_1_62' title='bbox 483 1349 500 1393; x_wconf 89' lang='lat' dir='ltr'>e</span> <span class='ocrx_word' id='word_1_63' title='bbox 522 1336 624 1406; x_wconf 89' lang='lat' dir='ltr'>terra,</span> <span class='ocrx_word' id='word_1_64' title='bbox 647 1334 739 1392; x_wconf 85' lang='lat' dir='ltr'>extra</span> <span class='ocrx_word' id='word_1_65' title='bbox 760 1336 880 1392; x_wconf 88' lang='lat' dir='ltr'>terram</span> <span class='ocrx_word' id='word_1_66' title='bbox 901 1328 952 1391; x_wconf 87' lang='lat' dir='ltr'>vel</span> <span class='ocrx_word' id='word_1_67' title='bbox 973 1329 1006 1390; x_wconf 90' lang='grc'>111</span> <span class='ocrx_word' id='word_1_68' title='bbox 1029 1327 1153 1390; x_wconf 81' lang='lat' dir='ltr'>litore“.</span> <span class='ocrx_word' id='word_1_69' title='bbox 1203 1411 1204 1414; x_wconf 8' lang='grc' dir='ltr'><strong>Ἴ</strong></span> 
     </span>
     <span class='ocr_line' id='line_1_10' title="bbox 208 1419 1224 1515; baseline -0.004 -21"><span class='ocrx_word' id='word_1_70' title='bbox 208 1432 257 1494; x_wconf 84' lang='lat' dir='ltr'>Ex</span> <span class='ocrx_word' id='word_1_71' title='bbox 278 1432 339 1494; x_wconf 89' lang='lat' dir='ltr'>hac</span> <span class='ocrx_word' id='word_1_72' title='bbox 360 1432 465 1515; x_wconf 88' lang='lat' dir='ltr'>prima</span> <span class='ocrx_word' id='word_1_73' title='bbox 486 1419 716 1514; x_wconf 81' lang='lat' dir='ltr'>significatione</span> <span class='ocrx_word' id='word_1_74' title='bbox 738 1430 832 1494; x_wconf 88' lang='lat' dir='ltr'>locali</span> <span class='ocrx_word' id='word_1_75' title='bbox 853 1449 962 1494; x_wconf 91' lang='lat' dir='ltr'>omnes</span> <span class='ocrx_word' id='word_1_76' title='bbox 985 1434 1108 1492; x_wconf 82' lang='lat' dir='ltr'>ceterae</span> <span class='ocrx_word' id='word_1_77' title='bbox 1131 1426 1224 1491; x_wconf 89' lang='lat' dir='ltr'>facile</span> 
     </span>
     <span class='ocr_line' id='line_1_11' title="bbox 125 1530 1256 1617; baseline -0.007 -20"><span class='ocrx_word' id='word_1_78' title='bbox 125 1535 323 1616; x_wconf 85' lang='lat' dir='ltr'>proveniunt.</span> <span class='ocrx_word' id='word_1_79' title='bbox 368 1537 403 1616; x_wconf 79' lang='grc' dir='ltr'>β)</span> <span class='ocrx_word' id='word_1_80' title='bbox 428 1533 569 1597; x_wconf 88' lang='lat' dir='ltr'>Primum</span> <span class='ocrx_word' id='word_1_81' title='bbox 591 1535 676 1597; x_wconf 88' lang='lat' dir='ltr'>enim</span> <span class='ocrx_word' id='word_1_82' title='bbox 693 1554 787 1617; x_wconf 87' lang='lat' dir='ltr'>saepe</span> <span class='ocrx_word' id='word_1_83' title='bbox 810 1554 847 1596; x_wconf 91' lang='lat' dir='ltr'>eo</span> <span class='ocrx_word' id='word_1_84' title='bbox 870 1531 954 1615; x_wconf 90' lang='lat' dir='ltr'>qnod</span> <span class='ocrx_word' id='word_1_85' title='bbox 976 1551 1027 1594; x_wconf 89' lang='lat' dir='ltr'>res</span> <span class='ocrx_word' id='word_1_86' title='bbox 1050 1536 1124 1593; x_wconf 88' lang='lat' dir='ltr'>ante</span> <span class='ocrx_word' id='word_1_87' title='bbox 1147 1530 1227 1594; x_wconf 88' lang='lat' dir='ltr'>alte·</span> <span class='ocrx_word' id='word_1_88' title='bbox 1253 1586 1256 1589; x_wconf 27' lang='lat'>,</span> 
     </span>
     <span class='ocr_line' id='line_1_12' title="bbox 124 1632 1226 1717; baseline -0.005 -17"><span class='ocrx_word' id='word_1_89' title='bbox 124 1657 194 1700; x_wconf 90' lang='lat' dir='ltr'>ram</span> <span class='ocrx_word' id='word_1_90' title='bbox 217 1642 282 1700; x_wconf 89' lang='lat' dir='ltr'>stat</span> <span class='ocrx_word' id='word_1_91' title='bbox 304 1636 354 1700; x_wconf 89' lang='lat' dir='ltr'>vel</span> <span class='ocrx_word' id='word_1_92' title='bbox 377 1634 552 1699; x_wconf 88' lang='lat' dir='ltr'>collocatur</span> <span class='ocrx_word' id='word_1_93' title='bbox 573 1635 759 1717; x_wconf 83' lang='lat' dir='ltr'>designatur</span> <span class='ocrx_word' id='word_1_94' title='bbox 779 1655 850 1698; x_wconf 87' lang='lat' dir='ltr'>eam</span> <span class='ocrx_word' id='word_1_95' title='bbox 872 1634 1048 1717; x_wconf 82' lang='lat' dir='ltr'>graviorem</span> <span class='ocrx_word' id='word_1_96' title='bbox 1071 1638 1103 1697; x_wconf 89' lang='lat' dir='ltr'>et</span> <span class='ocrx_word' id='word_1_97' title='bbox 1125 1632 1226 1714; x_wconf 82' lang='lat' dir='ltr'>digni·</span> 
     </span>
     <span class='ocr_line' id='line_1_13' title="bbox 125 1733 1226 1821; baseline -0.003 -21"><span class='ocrx_word' id='word_1_98' title='bbox 125 1744 192 1802; x_wconf 88' lang='lat' dir='ltr'>tate</span> <span class='ocrx_word' id='word_1_99' title='bbox 214 1741 353 1821; x_wconf 88' lang='lat' dir='ltr'>priorem</span> <span class='ocrx_word' id='word_1_100' title='bbox 376 1758 453 1815; x_wconf 85' lang='lat' dir='ltr'>esse,</span> <span class='ocrx_word' id='word_1_101' title='bbox 477 1737 571 1801; x_wconf 87' lang='lat' dir='ltr'>alteri</span> <span class='ocrx_word' id='word_1_102' title='bbox 591 1739 638 1801; x_wconf 92' lang='lat' dir='ltr'>rei</span> <span class='ocrx_word' id='word_1_103' title='bbox 661 1737 867 1802; x_wconf 87' lang='lat' dir='ltr'>antecellere:</span> <span class='ocrx_word' id='word_1_104' title='bbox 894 1739 1020 1819; x_wconf 82' lang='lat' dir='ltr'>,prae“.</span> <span class='ocrx_word' id='word_1_105' title='bbox 1068 1733 1226 1812; x_wconf 72' lang='grc'>010111</span> 
     </span>
     <span class='ocr_line' id='line_1_14' title="bbox 126 1829 1226 1922; baseline -0.004 -20"><span class='ocrx_word' id='word_1_106' title='bbox 126 1840 231 1902; x_wconf 88' lang='lat' dir='ltr'>lucide</span> <span class='ocrx_word' id='word_1_107' title='bbox 263 1845 398 1921; x_wconf 88' lang='lat' dir='ltr'>apparet</span> <span class='ocrx_word' id='word_1_108' title='bbox 427 1837 536 1901; x_wconf 91' lang='lat' dir='ltr'>eloco</span> <span class='ocrx_word' id='word_1_109' title='bbox 567 1840 622 1920; x_wconf 89' lang='lat' dir='ltr'>qui</span> <span class='ocrx_word' id='word_1_110' title='bbox 651 1840 769 1922; x_wconf 83' lang='lat' dir='ltr'>legitur</span> <span class='ocrx_word' id='word_1_111' title='bbox 797 1840 828 1901; x_wconf 92' lang='lat' dir='ltr'>in</span> <span class='ocrx_word' id='word_1_112' title='bbox 854 1837 930 1901; x_wconf 84' lang='lat' dir='ltr'>Che.</span> <span class='ocrx_word' id='word_1_113' title='bbox 956 1840 1017 1899; x_wconf 87' lang='grc'>788</span> <span class='ocrx_word' id='word_1_114' title='bbox 1040 1831 1106 1921; x_wconf 79' lang='grc' dir='ltr'>πρὸ</span> <span class='ocrx_word' id='word_1_115' title='bbox 1129 1834 1165 1899; x_wconf 78' lang='grc' dir='ltr'>δὲ</span> <span class='ocrx_word' id='word_1_116' title='bbox 1187 1829 1226 1922; x_wconf 81' lang='grc' dir='ltr'>δὴ</span> 
     </span>
     <span class='ocr_line' id='line_1_15' title="bbox 127 1935 1226 2025; baseline 0 -23"><span class='ocrx_word' id='word_1_117' title='bbox 127 1939 254 2025; x_wconf 73' lang='grc' dir='ltr'><em>ἐχθρῶν</em></span> <span class='ocrx_word' id='word_1_118' title='bbox 274 1936 331 2002; x_wconf 80' lang='grc' dir='ltr'>τὸν</span> <span class='ocrx_word' id='word_1_119' title='bbox 353 1935 479 2003; x_wconf 73' lang='grc' dir='ltr'><em>ἔσωθεν</em></span> <span class='ocrx_word' id='word_1_120' title='bbox 499 1935 682 2025; x_wconf 75' lang='grc' dir='ltr'><em>μελάθρων,</em></span> <span class='ocrx_word' id='word_1_121' title='bbox 707 1942 779 2017; x_wconf 79' lang='grc' dir='ltr'><em>Ζεῦ,</em></span> <span class='ocrx_word' id='word_1_122' title='bbox 802 1940 873 2018; x_wconf 68' lang='grc' dir='ltr'>θές,</span> <span class='ocrx_word' id='word_1_123' title='bbox 903 1959 985 2022; x_wconf 88' lang='lat' dir='ltr'>quae</span> <span class='ocrx_word' id='word_1_124' title='bbox 1007 1939 1103 2001; x_wconf 86' lang='lat' dir='ltr'>verba</span> <span class='ocrx_word' id='word_1_125' title='bbox 1126 1938 1226 2021; x_wconf 84' lang='lat' dir='ltr'>expli-</span> 
     </span>
    </p>
   </div>
   <div class='ocr_carea' id='block_1_3' title="bbox 127 2039 1328 2124">
    <p class='ocr_par' dir='ltr' id='par_1_3' title="bbox 127 2039 1328 2124">
     <span class='ocr_line' id='line_1_16' title="bbox 127 2039 1328 2124; baseline -0.002 -18"><span class='ocrx_word' id='word_1_126' title='bbox 127 2063 195 2106; x_wconf 85' lang='lat' dir='ltr'>ces:</span> <span class='ocrx_word' id='word_1_127' title='bbox 221 2041 283 2122; x_wconf 85' lang='lat' dir='ltr'>,da</span> <span class='ocrx_word' id='word_1_128' title='bbox 305 2040 449 2105; x_wconf 88' lang='lat' dir='ltr'>Orestem</span> <span class='ocrx_word' id='word_1_129' title='bbox 471 2041 616 2104; x_wconf 88' lang='lat' dir='ltr'>inimicos</span> <span class='ocrx_word' id='word_1_130' title='bbox 638 2058 711 2105; x_wconf 89' lang='lat' dir='ltr'>suos</span> <span class='ocrx_word' id='word_1_131' title='bbox 734 2044 915 2124; x_wconf 85' lang='lat' dir='ltr'>superare“;</span> <span class='ocrx_word' id='word_1_132' title='bbox 938 2040 982 2104; x_wconf 91' lang='lat' dir='ltr'>ibi</span> <span class='ocrx_word' id='word_1_133' title='bbox 1005 2041 1093 2104; x_wconf 90' lang='lat' dir='ltr'>notio</span> <span class='ocrx_word' id='word_1_134' title='bbox 1115 2039 1228 2104; x_wconf 85' lang='lat' dir='ltr'>localis</span> <span class='ocrx_word' id='word_1_135' title='bbox 1327 2119 1328 2122; x_wconf 8' lang='grc' dir='ltr'><strong>Ἴ</strong></span> 
     </span>
    </p>
   </div>
   <div class='ocr_carea' id='block_1_4' title="bbox 75 2138 1267 3758">
    <p class='ocr_par' dir='ltr' id='par_1_4' title="bbox 75 2138 1267 3758">
     <span class='ocr_line' id='line_1_17' title="bbox 126 2138 1225 2225; baseline -0.002 -17"><span class='ocrx_word' id='word_1_136' title='bbox 126 2145 287 2208; x_wconf 86' lang='lat' dir='ltr'>neminem</span> <span class='ocrx_word' id='word_1_137' title='bbox 310 2143 417 2225; x_wconf 81' lang='lat' dir='ltr'>fugiet.</span> <span class='ocrx_word' id='word_1_138' title='bbox 463 2144 551 2221; x_wconf 82' lang='lat' dir='ltr'>Quae</span> <span class='ocrx_word' id='word_1_139' title='bbox 574 2163 637 2207; x_wconf 91' lang='lat' dir='ltr'>non</span> <span class='ocrx_word' id='word_1_140' title='bbox 660 2149 727 2207; x_wconf 89' lang='lat' dir='ltr'>tam</span> <span class='ocrx_word' id='word_1_141' title='bbox 750 2143 920 2207; x_wconf 84' lang='lat' dir='ltr'>manifesta</span> <span class='ocrx_word' id='word_1_142' title='bbox 942 2148 990 2206; x_wconf 89' lang='lat' dir='ltr'>est</span> <span class='ocrx_word' id='word_1_143' title='bbox 1011 2144 1045 2205; x_wconf 90' lang='grc'>111</span> <span class='ocrx_word' id='word_1_144' title='bbox 1061 2142 1147 2225; x_wconf 86' lang='lat' dir='ltr'>Sept.</span> <span class='ocrx_word' id='word_1_145' title='bbox 1164 2138 1225 2206; x_wconf 84' lang='grc'>996</span> 
     </span>
     <span class='ocr_line' id='line_1_18' title="bbox 128 2237 1226 2331; baseline 0 -23"><span class='ocrx_word' id='word_1_146' title='bbox 128 2240 166 2308; x_wconf 75' lang='lat' dir='ltr'>tl</span> <span class='ocrx_word' id='word_1_147' title='bbox 189 2242 273 2309; x_wconf 82' lang='grc' dir='ltr'><em>κακὰ</em></span> <span class='ocrx_word' id='word_1_148' title='bbox 297 2241 425 2326; x_wconf 82' lang='grc' dir='ltr'><em>δώμασι</em></span> <span class='ocrx_word' id='word_1_149' title='bbox 447 2242 503 2308; x_wconf 80' lang='grc' dir='ltr'>καὶ</span> <span class='ocrx_word' id='word_1_150' title='bbox 522 2242 636 2324; x_wconf 68' lang='grc' dir='ltr'><em>χθονί,</em></span> <span class='ocrx_word' id='word_1_151' title='bbox 673 2241 738 2331; x_wconf 75' lang='grc' dir='ltr'>πρὸ</span> <span class='ocrx_word' id='word_1_152' title='bbox 768 2241 901 2308; x_wconf 75' lang='grc' dir='ltr'><em>πάντων</em></span> <span class='ocrx_word' id='word_1_153' title='bbox 930 2237 959 2308; x_wconf 64' lang='grc' dir='ltr'>δ)</span> <span class='ocrx_word' id='word_1_154' title='bbox 981 2239 1056 2324; x_wconf 79' lang='grc' dir='ltr'><em>ἐμοί</em></span> <span class='ocrx_word' id='word_1_155' title='bbox 1063 2271 1073 2323; x_wconf 89' lang='grc'>,·</span> <span class='ocrx_word' id='word_1_156' title='bbox 1110 2247 1226 2308; x_wconf 85' lang='grc'>01928</span> 
     </span>
     <span class='ocr_line' id='line_1_19' title="bbox 127 2340 1228 2434; baseline -0.001 -23"><span class='ocrx_word' id='word_1_157' title='bbox 127 2343 268 2412; x_wconf 80' lang='grc' dir='ltr'><em>δυσαίων</em></span> <span class='ocrx_word' id='word_1_158' title='bbox 291 2344 370 2434; x_wconf 80' lang='grc' dir='ltr'><em>σφὶν</em></span> <span class='ocrx_word' id='word_1_159' title='bbox 392 2341 413 2410; x_wconf 82' lang='grc' dir='ltr'><em>ἆ</em></span> <span class='ocrx_word' id='word_1_160' title='bbox 435 2352 573 2411; x_wconf 68' lang='grc' dir='ltr'><em>τεκοῦσα</em></span> <span class='ocrx_word' id='word_1_161' title='bbox 596 2343 663 2433; x_wconf 79' lang='grc' dir='ltr'>πρὸ</span> <span class='ocrx_word' id='word_1_162' title='bbox 688 2351 799 2410; x_wconf 75' lang='grc' dir='ltr'><em>πασᾶν</em></span> <span class='ocrx_word' id='word_1_163' title='bbox 821 2341 947 2410; x_wconf 80' lang='grc' dir='ltr'><em>ὁπόσαι</em></span> <span class='ocrx_word' id='word_1_164' title='bbox 968 2340 1151 2430; x_wconf 77' lang='grc' dir='ltr'><em>τεκνογόνοι</em></span> <span class='ocrx_word' id='word_1_165' title='bbox 1172 2344 1228 2410; x_wconf 61' lang='grc' dir='ltr'>1ιὲἁ</span> 
     </span>
     <span class='ocr_line' id='line_1_20' title="bbox 127 2440 1226 2536; baseline -0.001 -24"><span class='ocrx_word' id='word_1_166' title='bbox 127 2451 260 2536; x_wconf 82' lang='grc' dir='ltr'><em>κληνσαι</em></span> <span class='ocrx_word' id='word_1_167' title='bbox 282 2451 301 2513; x_wconf 89' lang='grc'>1.</span> <span class='ocrx_word' id='word_1_168' title='bbox 320 2470 346 2513; x_wconf 90' lang='lat' dir='ltr'>e.</span> <span class='ocrx_word' id='word_1_169' title='bbox 363 2449 488 2530; x_wconf 82' lang='grc' dir='ltr'><em>μᾶλλον</em></span> <span class='ocrx_word' id='word_1_170' title='bbox 510 2444 651 2512; x_wconf 77' lang='grc' dir='ltr'><em>δυσαίων</em></span> <span class='ocrx_word' id='word_1_171' title='bbox 672 2440 693 2534; x_wconf 80' lang='grc' dir='ltr'>ἢ</span> <span class='ocrx_word' id='word_1_172' title='bbox 715 2452 823 2512; x_wconf 78' lang='grc' dir='ltr'><em>πᾶσαι</em></span> <span class='ocrx_word' id='word_1_173' title='bbox 841 2449 1038 2528; x_wconf 85' lang='lat' dir='ltr'>„miserrima</span> <span class='ocrx_word' id='word_1_174' title='bbox 1053 2449 1226 2512; x_wconf 84' lang='lat' dir='ltr'>omnium“.</span> 
     </span>
     <span class='ocr_line' id='line_1_21' title="bbox 128 2551 1229 2636; baseline -0.001 -21"><span class='ocrx_word' id='word_1_175' title='bbox 128 2589 170 2600; x_wconf 92' lang='lat'>-</span> <span class='ocrx_word' id='word_1_176' title='bbox 191 2555 223 2636; x_wconf 81' lang='lat' dir='ltr'>y)</span> <span class='ocrx_word' id='word_1_177' title='bbox 245 2551 369 2615; x_wconf 87' lang='lat' dir='ltr'>Deinde</span> <span class='ocrx_word' id='word_1_178' title='bbox 385 2551 479 2615; x_wconf 88' lang='lat' dir='ltr'>facile</span> <span class='ocrx_word' id='word_1_179' title='bbox 494 2552 693 2634; x_wconf 72' lang='lat' dir='ltr'>intelligitur,</span> <span class='ocrx_word' id='word_1_180' title='bbox 717 2551 868 2633; x_wconf 89' lang='lat' dir='ltr'>quoniam</span> <span class='ocrx_word' id='word_1_181' title='bbox 884 2551 1006 2615; x_wconf 89' lang='lat' dir='ltr'>notioni</span> <span class='ocrx_word' id='word_1_182' title='bbox 1018 2551 1115 2615; x_wconf 91' lang='lat' dir='ltr'>locali</span> <span class='ocrx_word' id='word_1_183' title='bbox 1131 2552 1229 2614; x_wconf 90' lang='lat' dir='ltr'>etiam</span> 
     </span>
     <span class='ocr_line' id='line_1_22' title="bbox 75 2651 1229 2737; baseline 0.001 -20"><span class='ocrx_word' id='word_1_184' title='bbox 75 2657 77 2662; x_wconf 52' lang='lat'><strong><em>⁴</em></strong></span> <span class='ocrx_word' id='word_1_185' title='bbox 129 2653 256 2724; x_wconf 85' lang='lat' dir='ltr'>subesse</span> <span class='ocrx_word' id='word_1_186' title='bbox 285 2659 391 2737; x_wconf 88' lang='lat' dir='ltr'>potest</span> <span class='ocrx_word' id='word_1_187' title='bbox 421 2651 610 2735; x_wconf 85' lang='lat' dir='ltr'>significatio</span> <span class='ocrx_word' id='word_1_188' title='bbox 639 2653 751 2716; x_wconf 88' lang='lat' dir='ltr'>tuendi</span> <span class='ocrx_word' id='word_1_189' title='bbox 777 2657 813 2715; x_wconf 90' lang='grc'>111</span> <span class='ocrx_word' id='word_1_190' title='bbox 840 2653 925 2735; x_wconf 92' lang='lat' dir='ltr'>apud</span> <span class='ocrx_word' id='word_1_191' title='bbox 946 2651 1044 2716; x_wconf 89' lang='lat' dir='ltr'>verba</span> <span class='ocrx_word' id='word_1_192' title='bbox 1066 2653 1174 2717; x_wconf 88' lang='lat' dir='ltr'>standi</span> <span class='ocrx_word' id='word_1_193' title='bbox 1196 2658 1229 2718; x_wconf 88' lang='grc'>01</span> 
     </span>
     <span class='ocr_line' id='line_1_23' title="bbox 128 2754 1228 2838; baseline 0.002 -19"><span class='ocrx_word' id='word_1_194' title='bbox 128 2755 268 2834; x_wconf 85' lang='lat' dir='ltr'>sistendi,</span> <span class='ocrx_word' id='word_1_195' title='bbox 291 2756 449 2838; x_wconf 91' lang='lat' dir='ltr'>quomodo</span> <span class='ocrx_word' id='word_1_196' title='bbox 471 2755 593 2818; x_wconf 83' lang='lat' dir='ltr'>sactum</span> <span class='ocrx_word' id='word_1_197' title='bbox 615 2754 657 2817; x_wconf 88' lang='lat' dir='ltr'>sit</span> <span class='ocrx_word' id='word_1_198' title='bbox 678 2759 715 2816; x_wconf 87' lang='lat' dir='ltr'>ut</span> <span class='ocrx_word' id='word_1_199' title='bbox 736 2755 929 2837; x_wconf 85' lang='lat' dir='ltr'>praepositio</span> <span class='ocrx_word' id='word_1_200' title='bbox 945 2755 1008 2818; x_wconf 88' lang='lat' dir='ltr'>vim</span> <span class='ocrx_word' id='word_1_201' title='bbox 1032 2756 1228 2821; x_wconf 58' lang='lat' dir='ltr'>nanciscere*</span> 
     </span>
     <span class='ocr_line' id='line_1_24' title="bbox 128 2849 1230 2942; baseline 0.002 -22"><span class='ocrx_word' id='word_1_202' title='bbox 128 2863 182 2920; x_wconf 87' lang='lat' dir='ltr'>tur</span> <span class='ocrx_word' id='word_1_203' title='bbox 211 2857 263 2937; x_wconf 88' lang='lat' dir='ltr'>,in</span> <span class='ocrx_word' id='word_1_204' title='bbox 285 2859 477 2934; x_wconf 86' lang='lat' dir='ltr'>utilitatem,</span> <span class='ocrx_word' id='word_1_205' title='bbox 510 2857 666 2920; x_wconf 87' lang='lat' dir='ltr'>auxilium</span> <span class='ocrx_word' id='word_1_206' title='bbox 688 2856 904 2936; x_wconf 90' lang='lat' dir='ltr'>commodum,</span> <span class='ocrx_word' id='word_1_207' title='bbox 938 2849 1052 2942; x_wconf 61' lang='grc' dir='ltr'>15101ρῆ</span> <span class='ocrx_word' id='word_1_208' title='bbox 1098 2857 1160 2922; x_wconf 84' lang='lat' dir='ltr'>Sed</span> <span class='ocrx_word' id='word_1_209' title='bbox 1182 2863 1230 2922; x_wconf 89' lang='lat' dir='ltr'>te·</span> 
     </span>
     <span class='ocr_line' id='line_1_25' title="bbox 128 2958 1230 3044; baseline 0.003 -22"><span class='ocrx_word' id='word_1_210' title='bbox 128 2960 267 3023; x_wconf 88' lang='lat' dir='ltr'>nendum</span> <span class='ocrx_word' id='word_1_211' title='bbox 289 2965 338 3023; x_wconf 87' lang='lat' dir='ltr'>est</span> <span class='ocrx_word' id='word_1_212' title='bbox 359 2959 444 3023; x_wconf 86' lang='lat' dir='ltr'>hunc</span> <span class='ocrx_word' id='word_1_213' title='bbox 466 2979 558 3022; x_wconf 87' lang='lat' dir='ltr'>usum</span> <span class='ocrx_word' id='word_1_214' title='bbox 580 2965 668 3023; x_wconf 90' lang='lat' dir='ltr'>artos</span> <span class='ocrx_word' id='word_1_215' title='bbox 689 2958 838 3024; x_wconf 89' lang='lat' dir='ltr'>habuisse</span> <span class='ocrx_word' id='word_1_216' title='bbox 860 2958 939 3023; x_wconf 86' lang='lat' dir='ltr'>fines</span> <span class='ocrx_word' id='word_1_217' title='bbox 955 2974 1052 3042; x_wconf 82' lang='lat' dir='ltr'>quum</span> <span class='ocrx_word' id='word_1_218' title='bbox 1068 2965 1230 3044; x_wconf 85' lang='lat' dir='ltr'>respectus</span> 
     </span>
     <span class='ocr_line' id='line_1_26' title="bbox 130 3054 1230 3143; baseline 0.005 -22"><span class='ocrx_word' id='word_1_219' title='bbox 130 3060 192 3122; x_wconf 89' lang='lat' dir='ltr'>loci</span> <span class='ocrx_word' id='word_1_220' title='bbox 212 3061 305 3141; x_wconf 80' lang='lat' dir='ltr'>longe</span> <span class='ocrx_word' id='word_1_221' title='bbox 326 3054 551 3142; x_wconf 77' lang='lat' dir='ltr'>praevaluerit.</span> <span class='ocrx_word' id='word_1_222' title='bbox 579 3054 701 3139; x_wconf 59' lang='lat' dir='ltr'>&#39;Quare</span> <span class='ocrx_word' id='word_1_223' title='bbox 723 3062 859 3126; x_wconf 89' lang='lat' dir='ltr'>audacia</span> <span class='ocrx_word' id='word_1_224' title='bbox 879 3062 1018 3143; x_wconf 87' lang='lat' dir='ltr'>quadam</span> <span class='ocrx_word' id='word_1_225' title='bbox 1034 3068 1066 3125; x_wconf 88' lang='lat' dir='ltr'>et</span> <span class='ocrx_word' id='word_1_226' title='bbox 1081 3062 1230 3127; x_wconf 86' lang='lat' dir='ltr'>libertate</span> 
     </span>
     <span class='ocr_line' id='line_1_27' title="bbox 129 3157 1230 3250; baseline 0.003 -27"><span class='ocrx_word' id='word_1_227' title='bbox 129 3181 193 3224; x_wconf 92' lang='lat' dir='ltr'>non</span> <span class='ocrx_word' id='word_1_228' title='bbox 217 3167 328 3224; x_wconf 88' lang='lat' dir='ltr'>carent</span> <span class='ocrx_word' id='word_1_229' title='bbox 349 3160 543 3245; x_wconf 89' lang='lat' dir='ltr'>lociquales</span> <span class='ocrx_word' id='word_1_230' title='bbox 566 3163 656 3226; x_wconf 88' lang='lat' dir='ltr'>Eum.</span> <span class='ocrx_word' id='word_1_231' title='bbox 681 3167 742 3228; x_wconf 79' lang='lat'>835</span> <span class='ocrx_word' id='word_1_232' title='bbox 764 3160 831 3250; x_wconf 75' lang='grc' dir='ltr'>θύη</span> <span class='ocrx_word' id='word_1_233' title='bbox 854 3157 920 3248; x_wconf 74' lang='grc' dir='ltr'>πρὸ</span> <span class='ocrx_word' id='word_1_234' title='bbox 942 3158 1071 3226; x_wconf 77' lang='grc' dir='ltr'><em>παίδων</em></span> <span class='ocrx_word' id='word_1_235' title='bbox 1093 3159 1148 3226; x_wconf 79' lang='grc' dir='ltr'>καί</span> <span class='ocrx_word' id='word_1_236' title='bbox 1170 3184 1230 3247; x_wconf 76' lang='grc' dir='ltr'>γα-</span> 
     </span>
     <span class='ocr_line' id='line_1_28' title="bbox 129 3251 1231 3349; baseline 0.005 -24"><span class='ocrx_word' id='word_1_237' title='bbox 129 3257 246 3349; x_wconf 78' lang='grc' dir='ltr'><em>μηλίου</em></span> <span class='ocrx_word' id='word_1_238' title='bbox 267 3261 380 3340; x_wconf 77' lang='grc' dir='ltr'><strong><em>τέλους</em></strong></span> <span class='ocrx_word' id='word_1_239' title='bbox 402 3264 456 3346; x_wconf 80' lang='lat' dir='ltr'>(ct</span> <span class='ocrx_word' id='word_1_240' title='bbox 481 3263 531 3332; x_wconf 85' lang='lat' dir='ltr'>Se.</span> <span class='ocrx_word' id='word_1_241' title='bbox 556 3265 669 3329; x_wconf 86' lang='lat' dir='ltr'>Trach.</span> <span class='ocrx_word' id='word_1_242' title='bbox 694 3269 771 3345; x_wconf 74' lang='lat'>5043</span> <span class='ocrx_word' id='word_1_243' title='bbox 795 3264 871 3330; x_wconf 87' lang='lat' dir='ltr'>Oed.</span> <span class='ocrx_word' id='word_1_244' title='bbox 894 3284 920 3328; x_wconf 88' lang='lat' dir='ltr'>r.</span> <span class='ocrx_word' id='word_1_245' title='bbox 948 3251 1030 3348; x_wconf 38' lang='lat'>1⁴34),</span> <span class='ocrx_word' id='word_1_246' title='bbox 1054 3265 1231 3348; x_wconf 86' lang='lat' dir='ltr'>quibusda</span> 
     </span>
     <span class='ocr_line' id='line_1_29' title="bbox 130 3366 1267 3456; baseline 0.005 -29"><span class='ocrx_word' id='word_1_247' title='bbox 130 3366 198 3428; x_wconf 89' lang='lat' dir='ltr'>loco</span> <span class='ocrx_word' id='word_1_248' title='bbox 228 3387 267 3429; x_wconf 88' lang='lat' dir='ltr'>ne</span> <span class='ocrx_word' id='word_1_249' title='bbox 294 3366 360 3430; x_wconf 92' lang='lat' dir='ltr'>ullo</span> <span class='ocrx_word' id='word_1_250' title='bbox 389 3367 517 3450; x_wconf 89' lang='lat' dir='ltr'>quidem</span> <span class='ocrx_word' id='word_1_251' title='bbox 540 3368 633 3432; x_wconf 88' lang='lat' dir='ltr'>modo</span> <span class='ocrx_word' id='word_1_252' title='bbox 656 3367 787 3451; x_wconf 84' lang='lat' dir='ltr'>cogitari</span> <span class='ocrx_word' id='word_1_253' title='bbox 810 3372 916 3450; x_wconf 87' lang='lat' dir='ltr'>potest</span> <span class='ocrx_word' id='word_1_254' title='bbox 937 3369 1013 3450; x_wconf 89' lang='lat' dir='ltr'>quia</span> <span class='ocrx_word' id='word_1_255' title='bbox 1035 3387 1127 3431; x_wconf 90' lang='lat' dir='ltr'>sacra</span> <span class='ocrx_word' id='word_1_256' title='bbox 1149 3367 1231 3433; x_wconf 88' lang='lat' dir='ltr'>fiunt</span> <span class='ocrx_word' id='word_1_257' title='bbox 1265 3452 1267 3456; x_wconf 10' lang='grc' dir='ltr'><em>Α</em></span> 
     </span>
     <span class='ocr_line' id='line_1_30' title="bbox 132 3466 1230 3555; baseline 0.006 -28"><span class='ocrx_word' id='word_1_258' title='bbox 132 3466 170 3528; x_wconf 88' lang='lat' dir='ltr'>de</span> <span class='ocrx_word' id='word_1_259' title='bbox 198 3468 370 3532; x_wconf 87' lang='lat' dir='ltr'>commodis</span> <span class='ocrx_word' id='word_1_260' title='bbox 399 3469 552 3555; x_wconf 84' lang='lat' dir='ltr'>etbonis</span> <span class='ocrx_word' id='word_1_261' title='bbox 580 3469 689 3534; x_wconf 86' lang='lat' dir='ltr'>futuro</span> <span class='ocrx_word' id='word_1_262' title='bbox 719 3469 847 3534; x_wconf 90' lang='lat' dir='ltr'>demum</span> <span class='ocrx_word' id='word_1_263' title='bbox 868 3475 1011 3553; x_wconf 85' lang='lat' dir='ltr'>tempore</span> <span class='ocrx_word' id='word_1_264' title='bbox 1033 3469 1230 3552; x_wconf 80' lang='lat' dir='ltr'>obtinendis3</span> 
     </span>
     <span class='ocr_line' id='line_1_31' title="bbox 130 3556 1231 3656; baseline 0.006 -27"><span class='ocrx_word' id='word_1_265' title='bbox 130 3561 214 3651; x_wconf 75' lang='grc' dir='ltr'><em>διείρ</em></span> <span class='ocrx_word' id='word_1_266' title='bbox 242 3568 287 3631; x_wconf 93' lang='lat' dir='ltr'>ibi</span> <span class='ocrx_word' id='word_1_267' title='bbox 314 3571 415 3651; x_wconf 81' lang='lat' dir='ltr'>magis</span> <span class='ocrx_word' id='word_1_268' title='bbox 443 3556 483 3633; x_wconf 82' lang='lat' dir='ltr'>ex</span> <span class='ocrx_word' id='word_1_269' title='bbox 504 3571 616 3653; x_wconf 82' lang='lat' dir='ltr'>regula</span> <span class='ocrx_word' id='word_1_270' title='bbox 638 3569 708 3634; x_wconf 87' lang='lat' dir='ltr'>luit.</span> <span class='ocrx_word' id='word_1_271' title='bbox 754 3572 791 3634; x_wconf 89' lang='lat' dir='ltr'>ln</span> <span class='ocrx_word' id='word_1_272' title='bbox 815 3574 871 3656; x_wconf 80' lang='lat' dir='ltr'>Ag.</span> <span class='ocrx_word' id='word_1_273' title='bbox 900 3575 979 3635; x_wconf 80' lang='grc'>1268</span> <span class='ocrx_word' id='word_1_274' title='bbox 1004 3591 1129 3654; x_wconf 89' lang='lat' dir='ltr'>quoque</span> <span class='ocrx_word' id='word_1_275' title='bbox 1151 3587 1231 3636; x_wconf 88' lang='lat' dir='ltr'>non·</span> 
     </span>
     <span class='ocr_line' id='line_1_32' title="bbox 130 3668 1232 3758; baseline 0.005 -26"><span class='ocrx_word' id='word_1_276' title='bbox 130 3670 211 3732; x_wconf 89' lang='lat' dir='ltr'>nulli</span> <span class='ocrx_word' id='word_1_277' title='bbox 233 3668 289 3754; x_wconf 81' lang='lat' dir='ltr'>(cf.</span> <span class='ocrx_word' id='word_1_278' title='bbox 313 3669 480 3753; x_wconf 88' lang='lat' dir='ltr'>Bothium)</span> <span class='ocrx_word' id='word_1_279' title='bbox 503 3672 586 3736; x_wconf 91' lang='lat' dir='ltr'>hunc</span> <span class='ocrx_word' id='word_1_280' title='bbox 609 3673 822 3758; x_wconf 84' lang='lat' dir='ltr'>significatum</span> <span class='ocrx_word' id='word_1_281' title='bbox 842 3675 944 3738; x_wconf 89' lang='lat' dir='ltr'>inesse</span> <span class='ocrx_word' id='word_1_282' title='bbox 967 3693 1133 3753; x_wconf 87' lang='lat' dir='ltr'>censuere,</span> <span class='ocrx_word' id='word_1_283' title='bbox 1168 3694 1232 3757; x_wconf 88' lang='lat' dir='ltr'>qua</span> 
     </span>
    </p>
   </div>
   <div class='ocr_carea' id='block_1_5' title="bbox 128 3913 1233 4068">
    <p class='ocr_par' dir='ltr' id='par_1_5' title="bbox 128 3913 1233 4068">
     <span class='ocr_line' id='line_1_33' title="bbox 202 3913 1233 3982; baseline 0.004 -16"><span class='ocrx_word' id='word_1_284' title='bbox 202 3914 222 3982; x_wconf 82' lang='lat'>¹)</span> <span class='ocrx_word' id='word_1_285' title='bbox 259 3932 345 3982; x_wconf 86' lang='lat' dir='ltr'>aquo</span> <span class='ocrx_word' id='word_1_286' title='bbox 363 3914 456 3966; x_wconf 90' lang='lat' dir='ltr'>variae</span> <span class='ocrx_word' id='word_1_287' title='bbox 473 3913 614 3967; x_wconf 87' lang='lat' dir='ltr'>hominum</span> <span class='ocrx_word' id='word_1_288' title='bbox 627 3916 771 3968; x_wconf 86' lang='lat' dir='ltr'>doctorum</span> <span class='ocrx_word' id='word_1_289' title='bbox 790 3914 988 3982; x_wconf 82' lang='lat' dir='ltr'>explicationes</span> <span class='ocrx_word' id='word_1_290' title='bbox 1008 3920 1185 3970; x_wconf 87' lang='lat' dir='ltr'>enumeratae</span> <span class='ocrx_word' id='word_1_291' title='bbox 1205 3922 1233 3970; x_wconf 89' lang='lat' dir='ltr'>et</span> 
     </span>
     <span class='ocr_line' id='line_1_34' title="bbox 128 4001 479 4068; baseline -0.003 -14"><span class='ocrx_word' id='word_1_292' title='bbox 128 4002 202 4068; x_wconf 87' lang='lat' dir='ltr'>juste</span> <span class='ocrx_word' id='word_1_293' title='bbox 220 4001 390 4068; x_wconf 84' lang='lat' dir='ltr'>dijudicatae</span> <span class='ocrx_word' id='word_1_294' title='bbox 407 4003 479 4054; x_wconf 89' lang='lat' dir='ltr'>sunt.</span> 
     </span>
    </p>
   </div>
   <div class='ocr_carea' id='block_1_6' title="bbox 199 4088 959 4159">
    <p class='ocr_par' dir='ltr' id='par_1_6' title="bbox 199 4088 959 4159">
     <span class='ocr_line' id='line_1_35' title="bbox 199 4088 959 4159; baseline 0.004 -18"><span class='ocrx_word' id='word_1_295' title='bbox 199 4089 221 4156; x_wconf 77' lang='lat'>²)</span> <span class='ocrx_word' id='word_1_296' title='bbox 257 4088 350 4142; x_wconf 84' lang='lat' dir='ltr'>Etiam</span> <span class='ocrx_word' id='word_1_297' title='bbox 368 4088 536 4142; x_wconf 82' lang='lat' dir='ltr'>Heimeoeth.</span> <span class='ocrx_word' id='word_1_298' title='bbox 555 4106 582 4156; x_wconf 88' lang='lat' dir='ltr'>p.</span> <span class='ocrx_word' id='word_1_299' title='bbox 596 4090 647 4141; x_wconf 86' lang='grc'>363</span> <span class='ocrx_word' id='word_1_300' title='bbox 666 4105 698 4143; x_wconf 93' lang='lat' dir='ltr'>ea</span> <span class='ocrx_word' id='word_1_301' title='bbox 715 4091 822 4144; x_wconf 88' lang='lat' dir='ltr'>intacta</span> <span class='ocrx_word' id='word_1_302' title='bbox 839 4091 959 4159; x_wconf 88' lang='lat' dir='ltr'>reliquit.</span> 
     </span>
    </p>
   </div>
   <div class='ocr_carea' id='block_1_7' title="bbox 0 0 1444 4776">
    <p class='ocr_par' dir='ltr' id='par_1_7' title="bbox 0 0 1444 4776">
     <span class='ocr_line' id='line_1_36' title="bbox 0 0 1444 4776; baseline 0 0"><span class='ocrx_word' id='word_1_303' title='bbox 0 0 1444 4776; x_wconf 95' lang='lat' dir='ltr'> </span> 
     </span>
    </p>
   </div>
  </div>
 </body>
</html>
