2856 4776
709 371 729 430 8

254 557 288 632 3)
336 551 513 634 Composita
540 573 711 618 numerosa
738 573 862 636 semper
891 553 957 619 lere
987 575 1027 619 ex
1048 555 1161 638 regula
1183 555 1269 637 [licta

167 673 240 716 raro
263 651 467 718 difficultates
489 654 653 737 praebent.
697 654 807 719 Utitur
834 676 907 720 vero
935 649 1009 720 ἀντί
1030 657 1064 721 in
1087 656 1271 740 compositis

167 755 253 837 apud
277 755 468 838 Aeschylum
490 756 540 820 his
562 757 862 840 significationibus:
880 744 940 838 ὀ).
960 778 997 838 „e
1019 759 1162 843 regione,
1197 780 1271 823 oon·
1297 780 1301 790 ·

167 861 249 923 tra.“
293 850 472 943 ἀντίπορος
487 858 572 923 Pers.
597 865 653 939 673
677 859 787 943 Suppl.
813 865 875 924 544
898 864 1022 941 („trans
1044 882 1132 925 mare
1154 862 1269 939 situs“;

168 958 208 1023 cf.
231 958 346 1024 Blomf.
370 959 463 1043 gloss.
487 960 573 1025 Pers.
599 962 668 1043 67);
692 954 843 1047 ἀντήλιος
865 952 923 1045 Ας.
948 967 1008 1026 519
1033 963 1126 1042 („soli
1148 965 1271 1047 exposi-

167 1066 257 1140 tus“;
295 1061 333 1125 cf.
358 1061 409 1126 So.
433 1062 482 1125 El.
510 1066 605 1142 13753
639 1064 677 1129 de
700 1064 803 1128 forma
825 1064 931 1128 ionica
951 1084 980 1128 1.
1005 1063 1139 1130 Lobeck.
1164 1066 1214 1148 Aj.
1238 1087 1269 1150 p.

170 1160 261 1246 356);
289 1155 501 1251 ἀναστάτης,
531 1158 754 1245 ἀντιτάοσεινς
780 1159 976 1248 ἀντιλέγειν,
1004 1157 1192 1252 ἀντηρέτης,Ι
1213 1159 1271 1231 ἀν-

169 1269 294 1330 τισπᾶν
309 1267 413 1330 Prom.
431 1272 491 1331 337
516 1267 583 1350 („in
604 1270 784 1352 oppositam
798 1274 925 1352 partem
940 1267 1078 1346 trahere,
1101 1269 1270 1350 retinere“)

169 1373 228 1433 eto.
251 1367 286 1445 b)
308 1370 598 1434 remunerationem
621 1371 743 1435 indicat
764 1369 797 1434 in
815 1370 935 1436 bonum
950 1375 983 1434 et
998 1369 1119 1435 malum
1135 1391 1271 1447 sensum,

170 1475 267 1553 atque
289 1470 373 1537 vices
396 1470 568 1550 „vicissim
592 1472 724 1552 iterum,
748 1478 890 1537 mutuo.“
935 1464 1154 1550 ἀντιδιδόναι,
1180 1464 1271 1534 ἀντι-

170 1567 276 1652 νικᾶν,
298 1565 449 1656 ἀντεράνς
473 1565 677 1653 ἀντίκτονος,
700 1569 875 1662 ἀντίφονος
897 1573 983 1656 Sept.
1001 1577 1063 1637 893
1086 1566 1273 1660 (ἀντίφονοι

169 1670 313 1738 θάνατοι
329 1696 433 1753 „mors
449 1676 585 1738 duorum
601 1675 766 1740 hominurn
782 1682 894 1753 mutua
910 1674 1006 1739 caede
1019 1673 1162 1754 effecta“;
1179 1675 1269 1740 Eum.

172 1780 231 1840 981
249 1769 420 1862 ἀντίφονοι
435 1768 524 1858 ἀται)
541 1783 600 1841 etc.
638 1779 708 1844 Uno
724 1779 793 1842 loco
810 1775 844 1841 ἒν
858 1775 948 1862 μέρει
964 1776 1109 1841 additum
1125 1781 1173 1840 est
1189 1777 1272 1860 ejus·

171 1877 258 1942 morli
281 1879 454 1962 composito
478 1886 514 1943 ut
536 1881 624 1944 notio
647 1880 826 1945 iterationis
848 1881 976 1963 gravius
998 1878 1164 1942 efferretur
1179 1879 1270 1944 Eum.

174 1983 233 2043 198
249 1972 330 2060 ilva}
338 1973 515 2060 Ἄπολλον,
532 1972 730 2045 ἀντάκουσον
743 1978 888 2067 erptiam,-
911 1981 1008 2046 semel
1020 2000 1059 2045 ea
1070 1983 1167 2044 verba
1176 1983 1273 2046 etiam

172 2083 307 2165 simplici
331 2083 495 2149 adduntur
516 2091 553 2148 ut
574 2084 658 2148 idem
681 2084 810 2147 valeant
831 2084 917 2167 quod
938 2077 1012 2146 ἀντί
1033 2083 1125 2146 Eum.
1149 2088 1212 2148 436
1240 2079 1275 2148 τί

172 2181 257 2271 πρὸς
278 2178 350 2249 colii³
372 2179 479 2250 εἰπεῖν
502 2182 535 2249 ἒν
556 2183 648 2271 μέρει
670 2184 783 2261 θέλεις
804 2186 824 2249 1.
843 2206 869 2248 e.
895 2181 979 2270 πρὸς
1000 2177 1073 2250 τάἀ)
1094 2177 1272 2251 ἀντειποῖν.

172 2286 306 2370 Saepius
328 2287 480 2352 adverbia
501 2293 538 2350 ut
559 2276 608 2366 αὖ,
632 2276 740 2366 αὖθις,
765 2282 876 2366 πάλιν,
900 2276 977 2351 οὔτε
996 2286 1101 2351 locum
1116 2288 1274 2354 invenisse

172 2411 230 2473 pro
252 2382 327 2452 ἀντί
348 2390 381 2454 in
405 2389 587 2480 compositis
610 2409 787 2453 memorare
808 2409 908 2472 paene
930 2409 1200 2470 supervacaneum
1215 2396 1272 2454 est.

172 2491 221 2555 De
244 2490 320 2556 Cho.
348 2497 407 2558 144
430 2491 468 2556 cf.
493 2491 602 2556 Herm.
627 2491 668 2555 ad
694 2495 819 2569 1.137;
842 2511 918 2555 rara
939 2511 1000 2555 vox
1022 2496 1071 2557 est
1090 2484 1274 2557 ἀνταλαλά-

173 2593 237 2673 ζοιν
260 2594 346 2659 dicta
368 2594 407 2658 de
430 2593 571 2657 clamore
595 2593 635 2657 ab
658 2591 736 2657 echo
758 2592 884 2657 reddito
906 2593 992 2657 Pers.
1017 2597 1087 2658 390.
1105 2631 1145 2640 -
1168 2602 1199 2674 c)
1221 2615 1274 2658 ex-

172 2696 284 2780 primit
308 2717 376 2760 rem
399 2695 541 2778 aliquam
563 2695 610 2759 rei
631 2695 728 2761 alicui
749 2695 940 2778 respondere
963 2695 1055 2779 eique
1070 2717 1179 2778 parem
1196 2717 1272 2759 esse.

174 2792 330 2875 ἀντίπαις
352 2799 443 2862 Eum.
462 2801 512 2861 38.
536 2799 689 2878 (quocum
705 2797 878 2882 composito
894 2797 1041 2863 conferas
1056 2791 1192 2873 ἰσόποις
1215 2797 1272 2879 Ag.

174 2907 230 2979 75,
259 2896 381 2976 παιδὸς
403 2895 495 2986 δίκην
519 2898 596 2963 cho.
621 2903 700 2978 529,
731 2899 789 2983 Ag.
814 2903 906 2982 724);
944 2891 1142 2979 ἀντίμισθος
1163 2897 1273 2982 Suppl.

175 3007 251 3081 2703
282 2994 473 3077 ἀντίδουλος
495 3000 572 3065 Cho.
600 3005 657 3064 135
682 3001 811 3081 (Blomf.
836 3001 877 3065 ad
901 2999 978 3065 Cho.
1007 3005 1080 3080 1293
1120 3000 1174 3064 sed
1198 2999 1274 3065 δοῦ-

175 3106 232 3182 λος
254 3100 298 3181 ὥς
319 3104 404 3167 Pers,
429 3104 521 3184 745);
544 3093 748 3188 ἀντίκεντρον
771 3104 862 3168 Eum.
889 3108 958 3183 136,
981 3107 1062 3182 466;
1085 3101 1194 3185 paullo
1217 3103 1274 3165 ali-

175 3215 226 3272 ter
247 3207 368 3270 dictum
390 3209 439 3269 est
460 3197 648 3287 ἀντίμοιρον
671 3205 748 3270 Cho.
773 3211 852 3285 319,
882 3205 968 3289 quod
996 3224 1053 3286 pro
1076 3197 1277 3282 ίοοτίμοιρον

175 3307 376 3373 scribendum
400 3327 467 3371 esse
489 3307 570 3371 vidit
592 3306 777 3372 Erfurdtius
799 3306 841 3370 ad
864 3306 915 3370 So.
937 3304 1059 3381 Ε1.86;
1088 3297 1174 3388 φάος
1197 3298 1274 3365 σκό-

174 3414 221 3495 τῳ
243 3402 431 3494 ἀντίμοιρον
453 3414 502 3473 est
532 3408 607 3487 „lux
637 3428 720 3490 quae
742 3406 891 3475 tenebras
913 3409 1031 3486 aequat
1053 3402 1222 3468 efficientia
1244 3410 1276 3467 et

175 3513 228 3576 vi“
249 3513 269 3575 i.
294 3533 320 3576 e.
345 3511 554 3590 „tantundem
576 3530 683 3575 rerum
704 3527 928 3592 prosperarum
951 3510 984 3569 et
1006 3504 1138 3582 salutis,
1176 3526 1276 3587 quan·

176 3620 245 3679 tum
275 3619 372 3677 antea
400 3619 470 3677 erat
497 3611 692 3677 calamitatis
720 3614 753 3673 et
779 3608 1022 3673 acerbitatum.“
1050 3645 1092 3654 -
1122 3607 1276 3689 Aeschylo

176 3715 307 3801 propria
328 3735 396 3778 esse
418 3714 544 3778 videtur
567 3712 659 3788 ratic,
683 3732 747 3795 qua
768 3710 897 3774 vocibus
919 3701 1062 3797 ἀντήντορ
1084 3709 1142 3792 Ag.
1159 3713 1221 3773 443
1245 3715 1277 3772 et

177 3808 367 3903 ἀντίφερνος
389 3816 446 3898 Ag.
464 3819 525 3880 406
548 3834 624 3877 usus
640 3819 689 3877 est
703 3809 955 3895 significantibus
978 3811 1066 3892 „loco
1082 3811 1150 3888 1111,
1174 3809 1276 3876 dotis‘

178 3919 231 3999 (cf.
255 3939 330 3983 vero
353 3940 381 3981 1.
406 3920 493 3993 434).
537 3913 698 3979 Mentione
721 3914 817 3998 digna
839 3915 985 3980 videntur
1007 3913 1103 3978 etiam
1124 3913 1204 3978 haec
1224 3933 1276 3976 vo
