2856 4776
735 369 775 430 22

148 577 151 582 ·
203 557 256 623 cui
284 577 348 621 non
376 554 518 621 scholion
547 553 627 618 illud
656 553 712 617 'sed
740 553 879 618 conditio
893 531 1073 619 'verborum
1103 551 1307 637 suffragatur,

205 658 332 726 etiamsi
353 679 418 723 nou
432 661 520 740 ‘nego
547 649 631 741 ὑπὲρ
658 661 691 719 et
718 656 822 738 ipsum
852 655 1002 739 gravibus
1032 655 1152 720 caussis
1178 655 1307 720 defendi

203 781 304 846 posse.
351 761 461 843 Neque
483 753 623 836 θνατόν,
648 779 746 839 quum
769 758 938 822 antecedat
960 752 1087 842 βροτόν,
1110 756 1308 840 superfluum

205 869 257 928 est
286 867 319 926 ct
348 859 586 926 intolerandum
623 859 737 943 (quod
754 860 936 943 Hartungio
955 863 979 940 ¹)
1012 858 1212 941 videbatur),
1251 861 1308 924 sed

204 965 317 1048 utique
338 962 556 1040 retinendum,
583 962 735 1044 quoniam
757 961 860 1026 verbis
881 955 1007 1025 θνανόν
1029 953 1190 1041 α’λὺξαντα
1212 967 1309 1044 poeta

205 1067 239 1131 iu
261 1065 449 1130 memoriam
470 1070 599 1129 revocat
620 1063 717 1128 verba
737 1060 862 1140 θναπὺς
882 1056 992 1143 α’λὺξει
1014 1065 1065 1148 (ν.
1079 1063 1145 1147 93),
1169 1084 1255 1146 quac·
1274 1065 1308 1128 in

206 1167 297 1232 initio
320 1167 413 1250 spodi
435 1165 541 1248 posita
563 1172 645 1228 sunt.

292 1272 327 1350 3)
377 1265 489 1331 Vertis
511 1266 685 1349 compositis
713 1289 796 1350 quae
819 1268 905 1351 apud
927 1268 1119 1352 Aeschylum
1140 1271 1310 1335 inveniun-

205 1375 259 1436 tur
280 1365 365 1455 ὑπέρ
387 1371 447 1434 has
468 1370 612 1433 notiones
639 1370 808 1452 imprimit:
854 1378 887 1448 a)
916 1370 1064 1451 localem,
1099 1378 1242 1455 „super“,
1276 1380 1310 1438 et

145 1538 147 1541 ,
206 1473 336 1558 proprio
366 1493 461 1537 sensu
489 1477 522 1535 et
550 1472 584 1534 in
614 1471 839 1554 metaphoricis
867 1472 1067 1561 dictionibus.
1118 1474 1204 1537 Raro
1233 1496 1309 1540 vero

206 1575 348 1657 quietem
372 1573 524 1658 exprimit
545 1579 582 1636 ut
604 1594 654 1637 res
675 1573 726 1636 vel
748 1573 832 1637 actio
854 1575 1024 1639 denotetur
1045 1576 1079 1639 in
1102 1576 1217 1641 altiore
1238 1577 1309 1643 luco

202 1696 354 1754 versans,
399 1676 481 1739 sicut
519 1675 552 1738 in
590 1674 675 1758 Sept.
705 1679 765 1737 215
803 1670 925 1751 πόλεος
951 1671 1118 1763 ὑπερέχειν
1146 1670 1247 1743 duas
1265 1681 1310 1761 1),-

205 1779 264 1861 Ag.
289 1782 348 1841 967
373 1772 467 1840 σκιὰν
489 1771 698 1863 ὑπερτείνειν.
750 1777 852 1841 Multa
876 1777 1074 1861 frequentius
1096 1780 1219 1844 iudicat
1239 1802 1309 1844 rem

205 1878 284 1945 fines
305 1879 457 1958 transire,
481 1880 569 1944 ultra
590 1881 742 1944 terminos
764 1881 904 1944 moveri:
940 1874 1157 1966 ὑπερβάλλειν
1179 1904 1309 1966 „super-

204 1981 314 2066 gredi“
343 1987 376 2045 et
408 1982 623 2065 metaphorice
661 1986 868 2064 „superare“;
906 1976 1069 2068 ὑπιρθεῖν
1103 1984 1195 2048 Eum.
1229 1988 1308 2064 5623

204 2078 476 2168 ὑπερθρώσκεινς-
489 2078 678 2168 ὑπεριελεῖν
698 2084 755 2165 Ag.
774 2087 835 2147 359
859 2078 918 2147 ὑπ.
935 2083 999 2167 λεγ.
1016 2085 1233 2165 „transsilira-
1257 2108 1310 2151 su-

204 2190 354 2268 perare“;
384 2178 562 2271 ὑπερτελής
590 2185 648 2268 Ag.
674 2189 734 2249 286
760 2186 798 2250 de
822 2207 884 2269 quo
907 2187 973 2251 sine
997 2208 1094 2252 causa
1114 2189 1230 2253 idonea
1251 2189 1311 2253 du·

204 2286 320 2355 bitavit
334 2286 510 2351 Ahrensius
531 2288 566 2350 in
582 2287 695 2351 Philol.
713 2287 743 2352 S.
760 2288 785 2351 Ι.
803 2292 880 2368 488;
903 2284 1177 2375 ὑπεριοξεύσιμος
1198 2290 1308 2374 Suppl.

140 2453 148 2463 ,
205 2394 282 2469 473;
306 2382 493 2474 ὑπεραίρειν
515 2389 647 2471 Agnae
671 2389 723 2468 (cf.
748 2389 943 2457 Schneidew.
967 2391 1009 2456 ad
1024 2393 1152 2475 uma).
1192 2392 1227 2472 b)
1246 2393 1311 2457 Ad·

202 2490 323 2574 jectiva
353 2511 435 2573 quae
463 2490 497 2554 iu
536 2489 641 2554 fronte
670 2490 790 2556 habent
818 2492 1088 2575 praepositionem
1116 2487 1200 2578 ὑπέρ
1230 2501 1310 2558 sem-

160 2592 175 2599 ’“
204 2613 262 2677 par
295 2592 363 2657 fere
393 2613 499 2656 secum
533 2591 654 2657 habent
686 2595 847 2658 notionem
879 2595 1100 2672 immoderati,
1137 2596 1308 2675 immodici,

205 2695 294 2774 miri;
317 2700 392 2759 sunt
407 2695 500 2759 haec:
524 2689 705 2780 ὑπέραοχος
719 2694 805 2780 Sept.
822 2701 899 2777 4833
922 2692 1128 2782 ὑπέρπολμος
1150 2697 1226 2762 eho.
1245 2703 1307 2763 595

206 2790 266 2861 ὑπ.
290 2797 373 2880 lep,
395 2790 573 2882 ὑπέρπονος
595 2797 687 2861 Eum.
705 2802 765 2862 569
790 2798 983 2877 „admodum
1003 2800 1181 2879 intentus“;
1204 2795 1307 2884 ὑπέρ-

200 2899 346 2978 ’πολλοις
367 2894 611 2985 cauponam,-
633 2893 859 2986 ὑπερήφανος,·
881 2896 1084 2988 doceminor,-
1098 2896 1311 2989 ὑπέρπικρος
1408 2887 1411 2892 ’

205 2994 279 3084 (aa.
302 3000 367 3084 try.
390 3001 495 3066 Prom.
519 3005 609 3084 944),
645 2994 845 3086 ὑπέρκοποςς
864 2997 1073 3089 ὑπέρκοπας,·
1095 2998 1310 3090 ὑπέρκομπος

205 3103 352 3184 Aeschyli
374 3105 539 3187 preprium
561 3104 729 3186 quinquies
751 3102 881 3188 legitur3
909 3099 1103 3190 ὑπέρθυμος
1124 3106 1215 3170 Eum.
1235 3110 1307 3186 824,

205 3265 409 3274 nan-affl

277 3354 297 3419 1)
333 3352 381 3420 qui
397 3368 447 3420 pro
465 3345 536 3421 ὑπὲρ
554 3355 660 3402 θνατὸν
678 3351 789 3419 scripsit
807 3346 929 3422 ὕπερθεν
936 3371 944 3412 ;
984 3352 1058 3406 Num
1076 3353 1186 3407 omuino
1203 3351 1258 3406 dici
1276 3352 1308 3404 li·

205 3444 267 3496 ceat
291 3434 411 3510 ὕπερθεν
439 3442 539 3508 φυγεῖν
563 3438 710 3493 admodum
737 3438 851 3492 dubium
876 3443 979 3492 est-
1009 3439 1088 3506 Quod
1113 3435 1241 3508 quoniam
1269 3440 1309 3493 ita

206 3529 373 3582 mentionem
392 3525 508 3580 lecimus
527 3525 650 3578 adverbii
668 3520 804 3596 ὕπερθεν,
823 3526 982 3594 adjiciatur,
1010 3527 1081 3581 hanc
1097 3544 1193 3582 vocem
1211 3526 1259 3580 his
1273 3529 1308 3583 ab

202 3616 343 3683 Aeschylo
360 3618 521 3682 usurpatam
539 3613 608 3665 nihil
626 3613 655 3665 iu
674 3613 731 3682 ejus
751 3613 851 3668 fabulis
871 3630 929 3666 asse
945 3613 1000 3667 nisi
1017 3615 1173 3682 graviorem
1191 3614 1308 3675 formam

205 3702 418 3772 praepositionis
435 3695 512 3767 ὑπέρ.
550 3699 624 3769 Sept.
637 3701 689 3754 228
707 3695 807 3769 ὕπερθ’
820 3697 954 3769 ὀμμάτων
971 3706 1166 3770 κρημναμενᾶν
1182 3704 1308 3772 νεφελᾶν,

206 3791 254 3862 ubi
271 3807 337 3844 vero
353 3805 427 3841 nunc
446 3787 480 3840 ab
499 3787 625 3842 omnibus
643 3787 700 3842 fere
719 3789 871 3843 editoribus
888 3788 1021 3856 scriptum
1039 3791 1082 3840 est
1099 3782 1169 3857 ὑπέρ
1187 3786 1218 3838 τ’.
1255 3790 1308 3858 Ag.

210 3878 261 3928 232
280 3871 387 3946 ὕπερθε
404 3876 500 3943 βωμοῦ
518 3907 552 3915 -
572 3880 707 3947 προνωπῆ
724 3879 817 3944 λαβεῖν
835 3866 936 3944 ἀέρδην
955 3893 991 3928 sc.
1009 3875 1158 3945 θυγατέρα.

277 3963 309 4031 λλ,
335 3961 422 4029 Quam
444 3961 610 4016 locutionem
636 3964 739 4017 imitari
764 3962 940 4016 Homericum
962 3957 1043 4032 χεῖρα
1068 3957 1211 4032 ὑπερέχειν
1234 3955 1308 4018 τινός

206 4050 238 4104 ll.
257 4050 282 4118 9,
302 4051 362 4118 420,
382 4048 432 4103 687
453 4053 504 4103 etc.
523 4053 609 4118 patet.
