2856 4776
599 478 603 486 ¹
693 410 734 473 29

161 599 241 661 usu“
267 617 304 678 γε
324 588 461 669 ’πολλὰς
488 587 735 679 ἐκμαθήσονται
763 592 884 675 τέχνας,
929 595 1036 663 Facile
1064 592 1163 681 igitur
1191 591 1264 674 quis

161 698 275 764 adduci
297 702 403 781 potest
416 701 454 760 ut
468 700 561 779 putet
574 696 608 759 in
623 696 807 761 Prom.170
830 696 933 777 δεῖξαι
954 693 992 763 τὸ
1014 693 1086 763 νέον
1113 685 1263 776 βούλομ’

160 791 215 886 ὑφ’
238 794 316 863 ὅσον
343 800 509 884 σκῆπτρον
536 793 635 878 τιμὰς
665 790 693 860 τ’
721 790 934 865 duossimus
969 798 1025 864 ubi
1054 796 1216 863 Mediceus
1244 816 1265 858 a

160 901 267 985 prima
287 919 386 969 manu
408 898 540 983 praebet
562 891 619 985 ἀφ’
642 893 727 979 ὅσου,
752 901 954 969 retinendum
975 921 1043 966 esse
1065 891 1131 985 ἀφ’,
1163 917 1264 981 quan·

162 1003 332 1085 doqnidem
359 1001 455 1084 hujus
482 999 670 1084 significatio
700 1003 812 1069 eadem
839 1003 905 1067 fere
929 1003 971 1067 sit
991 1021 1073 1086 quae
1096 993 1150 1087 ὑφ’
1172 1019 1264 1082 prae-

160 1105 343 1189 positionis..
388 1102 451 1168 Sed
480 1103 620 1186 primum
647 1096 715 1167 dud
742 1125 888 1171 caussam
918 1103 1106 1170 efficientem
1136 1101 1265 1184 gravius

161 1206 316 1291 designat,
339 1204 454 1271 deiude
470 1203 645 1287 Aeschylus
667 1205 797 1288 quidem
819 1207 908 1273 nullo
930 1207 999 1272 loco
1022 1204 1147 1271 addidit
1168 1202 1264 1268 verbo

162 1329 234 1377 cum
261 1301 330 1375 iim(
360 1306 533 1389 composito
566 1307 835 1389 praepositionem
868 1301 956 1389 ἀστός
992 1327 1091 1392 quare
1126 1304 1265 1372 secunda
1340 1389 1344 1396 Ι

162 1431 284 1489 manus,
307 1429 389 1492 quae
410 1408 444 1472 in
466 1407 652 1472 universum
672 1407 762 1477 haud
782 1431 856 1477 raro
871 1411 1024 1477 lectiones
1045 1408 1188 1492 integras
1208 1427 1266 1474 no-

162 1513 212 1578 bis
232 1510 367 1581 tradidit
386 1515 420 1575 et
439 1510 581 1575 restituit
602 1515 712 1575 secuta
735 1511 960 1596 archetypum,
988 1511 1049 1579 hoc
1071 1529 1197 1592 quoque
1219 1508 1265 1575 lo-

162 1634 200 1680 co
220 1614 254 1679 in
276 1612 419 1678 Mediceo
440 1631 504 1679 nou
525 1611 742 1695 conjecturam
765 1613 898 1681 immisit
919 1612 1040 1692 verbis,
1077 1609 1133 1679 sed
1147 1609 1265 1677 leotin-

162 1736 236 1782 nem
250 1716 437 1799 primariam
458 1719 491 1778 et
511 1714 683 1797 genuinam
696 1713 809 1782 refecit
820 1719 854 1796 ¹).
872 1753 914 1764 -
937 1714 1136 1793 Quinetiam
1153 1733 1265 1778 conve·

162 1913 260 1984 ὁδίων
282 1918 385 1997 „sicut
406 1937 480 1984 aves
501 1916 652 1983 fatidicae
676 1917 905 1999 indicaverant
928 1919 1011 1985 sicut
1024 1917 1162 2001 intelligi
1176 1923 1266 2001 pote·

162 2028 215 2089 rat
236 2041 254 2086 c
276 2019 386 2085 volatu
408 2018 534 2086 avium“
552 2020 590 2100 2).

249 2123 283 2202 d)
313 2121 416 2188 Multo
438 2126 546 2187 autem
569 2121 803 2187 numerosiores
825 2123 854 2187 ei
876 2123 939 2188 loci
959 2128 1036 2191 sunt
1057 2121 1173 2206 quibus
1193 2115 1265 2189 aas

163 2226 280 2290 dicitnr
301 2224 340 2288 de
361 2224 482 2307 origine
505 2244 543 2287 ex
567 2244 632 2306 qua
653 2223 731 2306 quid
752 2227 914 2308 provenit,
943 2226 983 2290 de
1005 2224 1192 2310 parentibus
1214 2224 1265 2294 vel

163 2329 203 2394 de
225 2327 333 2411 patris
355 2347 395 2392 ex
417 2326 532 2408 quibus
555 2326 633 2410 quid
655 2331 761 2393 ortum
784 2333 846 2408 est,
874 2349 937 2411 quo
959 2348 1056 2395 sensu
1077 2328 1175 2392 etiam
1198 2347 1267 2395 sae·

163 2430 236 2513 pius
265 2427 441 2511 Aeschylus
458 2429 638 2512 usurpavit
665 2424 711 2493 dx.
757 2430 931 2495 Permultis
958 2431 1037 2496 locis
1066 2422 1137 2493 ἀπό
1167 2427 1266 2495 solius

164 2531 331 2616 gravitatis
346 2530 451 2614 gratia
466 2536 516 2595 est
529 2531 669 2613 positum
685 2552 784 2613 quum
800 2533 964 2615 genetivus
983 2531 1063 2598 saiis
1083 2529 1197 2601 fuisset
1209 2530 1267 2613 qui

164 2633 276 2717 etipse
291 2633 369 2699 satis
382 2652 477 2715 saepe
487 2633 645 2717 legiturss).
681 2635 775 2719 Quod
789 2634 958 2705 manifeste
974 2639 1110 2718 apparet
1123 2653 1163 2699 ex
1178 2631 1265 2716 Sept

167 2739 257 2814 1031,
280 2739 321 2800 32
352 2730 456 2800 δεινὸν
476 2730 515 2800 τὸ
535 2731 645 2801 κοινὸν
667 2730 867 2819 σπλάγχνον,
900 2725 937 2801 οὗ
965 2731 1171 2823 πεφύκαμεν,
1202 2757 1267 2821 μη·

164 2832 239 2921 ‘roric
259 2831 414 2923 ταλαίνης
433 2829 524 2902 κάπὸ
545 2833 704 2925 δυστήνου
725 2833 870 2927 remed&
904 2835 1026 2926 μητρὸς
1058 2831 1172 2924 ἀγρίας
1197 2828 1267 2904 dno

165 2933 279 3018 ποσὸν,
301 2938 450 3016 παλαιᾶς
472 2933 623 3022 ἀμπέλου
644 2936 741 3025 γάνος
762 2936 838 3006 τόδε
868 2941 955 3007 Pers.
980 2945 1051 3006 614.
1097 2939 1146 3006 Of.
1169 2939 1267 3008 etism

167 3044 228 3104 412
249 3045 405 3126 σπαρτῶν
428 3036 457 3106 d'
478 3035 538 3108 ἀπ’
560 3035 685 3128 ἀνδρῶν
706 3036 816 3130 ῥίζωμ’
839 3036 981 3122 circinum
1001 3043 1089 3108 Pers.
1106 3047 1167 3107 611
1188 3037 1268 3124 βοός

235 3283 256 3352 11
290 3283 372 3338 Falso
391 3283 512 3353 explicat
529 3284 701 3340 Hermaunns
719 3285 804 3338 verba
822 3286 852 3337 in
863 3285 915 3355 Ag.
931 3284 999 3337 loeo
1012 3279 1102 3354 (1567)
1120 3279 1177 3335 snt
1191 3294 1267 3353 σφα-

165 3373 216 3439 γῆς
232 3369 319 3442 iudo:
348 3387 380 3424 »a
398 3374 528 3427 mactatis
547 3373 685 3442 carnibus,
704 3370 817 3427 fastidio
836 3371 944 3427 scilicet
961 3369 1085 3440 affectus,
1103 3371 1266 3438 vomitans«,

165 3475 236 3526 quse
251 3460 445 3530 interpretatio
463 3460 614 3516 artificIosa
626 3466 657 3514 et
668 3461 811 3530 implicata
823 3463 872 3515 est.
906 3459 995 3514 Recte
1005 3459 1109 3528 legitur
1120 3454 1178 3514 dud
1190 3470 1266 3527 σφα-

164 3541 218 3615 γὴν
235 3546 309 3618 ἐμῶν
325 3547 433 3617 Illonis?
451 3547 486 3601 cf.
505 3549 625 3604 Karsten
643 3549 722 3602 adh.
742 3547 772 3616 l.)
797 3549 815 3600 i.
834 3563 857 3604 e.
882 3544 999 3616 ἅπεμνὶν
1016 3541 1137 3618 σφαγήν.
1174 3546 1269 3611 Facile

164 3635 331 3703 perspicitur
348 3636 484 3705 quomodo
502 3634 607 3690 factum
626 3637 663 3690 sit
680 3640 713 3691 ut
729 3637 843 3704 propter
861 3634 1071 3693 antecedentem
1089 3635 1269 3704 praepositio·

164 3738 229 3775 nem
247 3719 361 3792 σφαγήν
377 3726 532 3775 mutaretur
549 3723 579 3776 in
597 3726 715 3793 σφαγῆς.
761 3723 889 3776 Tmeseos
914 3722 1041 3790 exempla
1064 3721 1145 3776 affert
1167 3722 1268 3778 Blomf.

164 3811 248 3879 gloss.
264 3810 317 3878 Ag.
336 3828 361 3864 v.
383 3811 442 3863 569.

234 3896 257 3964 ²)
293 3895 328 3953 cf.
346 3896 390 3950 So.
408 3895 475 3951 Oed.
492 3914 515 3950 r.
534 3899 599 3966 3953
621 3898 673 3949 310
692 3892 742 3948 ἀπ’
757 3898 861 3948 οἰωνῶν
880 3891 980 3965 odram
997 3895 1076 3952 Pind.
1089 3896 1130 3950 01.
1144 3897 1218 3966 XIII,
1233 3897 1267 3950 76

163 3980 307 4043 κοιτάξατο
325 3979 399 4036 νύκτ’
418 3980 476 4036 ἀπὸ
494 3987 586 4037 κείνου
601 3980 717 4055 χρήσιος
738 4000 788 4038 »ex
806 3984 880 4038 illins
896 3984 1001 4052 jussu«.

233 4071 257 4140 3)
291 4072 317 4125 A
329 4070 436 4125 Latmis
453 4072 548 4127 eodem
560 4073 642 4128 modo
654 4072 844 4127 circumscribi
855 4073 1014 4142 geuetIvnm
1024 4087 1106 4127 nemo
1117 4087 1173 4127 nou
1184 4071 1269 4126 novit.
