<?xml version="1.0" encoding="UTF-8"?>
<!DOCTYPE html PUBLIC "-//W3C//DTD XHTML 1.0 Transitional//EN"
    "http://www.w3.org/TR/xhtml1/DTD/xhtml1-transitional.dtd">
<html xmlns="http://www.w3.org/1999/xhtml" xml:lang="en" lang="en">
 <head>
  <title>
</title>
<meta http-equiv="Content-Type" content="text/html;charset=utf-8" />
  <meta name='ocr-system' content='tesseract 3.04.00' />
  <meta name='ocr-capabilities' content='ocr_page ocr_carea ocr_par ocr_line ocrx_word'/>
</head>
<body>
  <div class='ocr_page' id='page_1' title='image "./depraepositionu00menggoog_0049.png"; bbox 0 0 2856 4776; ppageno 0'>
   <div class='ocr_carea' id='block_1_1' title="bbox 739 385 826 451">
    <p class='ocr_par' dir='ltr' id='par_1_1' title="bbox 739 385 826 451">
     <span class='ocr_line' id='line_1_1' title="bbox 739 385 826 451; baseline 0 0"><span class='ocrx_word' id='word_1_1' title='bbox 739 385 826 451; x_wconf 73' lang='lat'><strong>44-</strong></span> 
     </span>
    </p>
   </div>
   <div class='ocr_carea' id='block_1_2' title="bbox 212 568 1316 1066">
    <p class='ocr_par' dir='ltr' id='par_1_2' title="bbox 212 568 1316 1066">
     <span class='ocr_line' id='line_1_2' title="bbox 212 568 1314 657; baseline 0.004 -25"><span class='ocrx_word' id='word_1_2' title='bbox 212 569 312 653; x_wconf 80' lang='lat' dir='ltr'><strong>gitur,</strong></span> <span class='ocrx_word' id='word_1_3' title='bbox 343 568 459 653; x_wconf 83' lang='lat' dir='ltr'><strong>quibos</strong></span> <span class='ocrx_word' id='word_1_4' title='bbox 486 590 549 638; x_wconf 90' lang='lat' dir='ltr'><strong>non</strong></span> <span class='ocrx_word' id='word_1_5' title='bbox 578 593 715 657; x_wconf 81' lang='lat' dir='ltr'><strong>persona</strong></span> <span class='ocrx_word' id='word_1_6' title='bbox 742 573 906 639; x_wconf 79' lang='lat' dir='ltr'><strong>inducitur</strong></span> <span class='ocrx_word' id='word_1_7' title='bbox 932 573 1056 656; x_wconf 85' lang='lat' dir='ltr'><strong>aliquid</strong></span> <span class='ocrx_word' id='word_1_8' title='bbox 1088 571 1226 637; x_wconf 87' lang='lat' dir='ltr'><strong>efficiens</strong></span> <span class='ocrx_word' id='word_1_9' title='bbox 1254 569 1314 636; x_wconf 82' lang='lat' dir='ltr'><strong>aed</strong></span> 
     </span>
     <span class='ocr_line' id='line_1_3' title="bbox 213 673 1316 760; baseline 0.001 -24"><span class='ocrx_word' id='word_1_10' title='bbox 213 692 273 752; x_wconf 84' lang='lat' dir='ltr'><strong>ree,</strong></span> <span class='ocrx_word' id='word_1_11' title='bbox 297 694 378 756; x_wconf 86' lang='lat' dir='ltr'><strong>quae</strong></span> <span class='ocrx_word' id='word_1_12' title='bbox 401 676 450 740; x_wconf 88' lang='lat' dir='ltr'><strong>ita</strong></span> <span class='ocrx_word' id='word_1_13' title='bbox 471 697 545 740; x_wconf 85' lang='lat' dir='ltr'><strong>vcro</strong></span> <span class='ocrx_word' id='word_1_14' title='bbox 568 693 632 740; x_wconf 90' lang='lat' dir='ltr'><strong>non</strong></span> <span class='ocrx_word' id='word_1_15' title='bbox 655 674 814 760; x_wconf 83' lang='lat' dir='ltr'><strong>cogitatur</strong></span> <span class='ocrx_word' id='word_1_16' title='bbox 835 676 962 741; x_wconf 82' lang='lat' dir='ltr'><strong>rasead</strong></span> <span class='ocrx_word' id='word_1_17' title='bbox 984 692 1130 759; x_wconf 83' lang='lat' dir='ltr'><strong>persona.</strong></span> <span class='ocrx_word' id='word_1_18' title='bbox 1175 673 1236 739; x_wconf 82' lang='lat' dir='ltr'><strong>llio</strong></span> <span class='ocrx_word' id='word_1_19' title='bbox 1254 674 1316 737; x_wconf 88' lang='lat' dir='ltr'><strong>im-</strong></span> 
     </span>
     <span class='ocr_line' id='line_1_4' title="bbox 212 775 1315 863; baseline -0.001 -23"><span class='ocrx_word' id='word_1_20' title='bbox 212 775 323 858; x_wconf 61' lang='lat' dir='ltr'><strong>pomis</strong></span> <span class='ocrx_word' id='word_1_21' title='bbox 351 797 465 842; x_wconf 85' lang='lat' dir='ltr'><strong>caveas</strong></span> <span class='ocrx_word' id='word_1_22' title='bbox 493 799 535 842; x_wconf 88' lang='lat' dir='ltr'><strong>ne</strong></span> <span class='ocrx_word' id='word_1_23' title='bbox 563 779 701 863; x_wconf 83' lang='lat' dir='ltr'><strong>opineris</strong></span> <span class='ocrx_word' id='word_1_24' title='bbox 731 775 766 842; x_wconf 77' lang='grc' dir='ltr'><strong>ἐκ</strong></span> <span class='ocrx_word' id='word_1_25' title='bbox 794 798 820 842; x_wconf 91' lang='lat' dir='ltr'><strong>c.</strong></span> <span class='ocrx_word' id='word_1_26' title='bbox 852 799 922 861; x_wconf 83' lang='lat' dir='ltr'><strong>geu.</strong></span> <span class='ocrx_word' id='word_1_27' title='bbox 950 776 1063 841; x_wconf 80' lang='lat' dir='ltr'><strong>eadam</strong></span> <span class='ocrx_word' id='word_1_28' title='bbox 1092 795 1160 840; x_wconf 79' lang='lat' dir='ltr'><strong>esee</strong></span> <span class='ocrx_word' id='word_1_29' title='bbox 1188 777 1219 840; x_wconf 90' lang='lat' dir='ltr'><strong>vi</strong></span> <span class='ocrx_word' id='word_1_30' title='bbox 1248 791 1315 858; x_wconf 87' lang='lat' dir='ltr'><strong>qua</strong></span> 
     </span>
     <span class='ocr_line' id='line_1_5' title="bbox 212 877 1314 964; baseline 0.002 -24"><span class='ocrx_word' id='word_1_31' title='bbox 212 877 357 942; x_wconf 84' lang='lat' dir='ltr'><strong>dativum</strong></span> <span class='ocrx_word' id='word_1_32' title='bbox 379 880 668 962; x_wconf 71' lang='lat' dir='ltr'><strong>instrumentalem,</strong></span> <span class='ocrx_word' id='word_1_33' title='bbox 689 881 724 946; x_wconf 90' lang='lat' dir='ltr'><strong>id</strong></span> <span class='ocrx_word' id='word_1_34' title='bbox 740 881 824 964; x_wconf 80' lang='lat' dir='ltr'><strong>quoti</strong></span> <span class='ocrx_word' id='word_1_35' title='bbox 839 880 933 944; x_wconf 89' lang='lat' dir='ltr'><strong>multi</strong></span> <span class='ocrx_word' id='word_1_36' title='bbox 946 880 1092 944; x_wconf 80' lang='lat' dir='ltr'>docuere.</span> <span class='ocrx_word' id='word_1_37' title='bbox 1137 878 1207 943; x_wconf 84' lang='lat' dir='ltr'><strong>Etsi</strong></span> <span class='ocrx_word' id='word_1_38' title='bbox 1227 878 1314 943; x_wconf 86' lang='lat' dir='ltr'><strong>euim</strong></span> 
     </span>
     <span class='ocr_line' id='line_1_6' title="bbox 212 978 1315 1066; baseline 0 -22"><span class='ocrx_word' id='word_1_39' title='bbox 212 981 287 1046; x_wconf 86' lang='lat' dir='ltr'><strong>talis</strong></span> <span class='ocrx_word' id='word_1_40' title='bbox 310 981 437 1046; x_wconf 85' lang='lat' dir='ltr'><strong>dativus</strong></span> <span class='ocrx_word' id='word_1_41' title='bbox 460 980 538 1049; x_wconf 85' lang='lat' dir='ltr'><strong>satie</strong></span> <span class='ocrx_word' id='word_1_42' title='bbox 555 984 689 1048; x_wconf 80' lang='lat' dir='ltr'><strong>idoneus</strong></span> <span class='ocrx_word' id='word_1_43' title='bbox 705 983 767 1049; x_wconf 86' lang='lat' dir='ltr'><strong>tuit</strong></span> <span class='ocrx_word' id='word_1_44' title='bbox 790 983 832 1047; x_wconf 90' lang='lat' dir='ltr'><strong>ad</strong></span> <span class='ocrx_word' id='word_1_45' title='bbox 852 981 1093 1066; x_wconf 76' lang='lat' dir='ltr'><strong>exprimendam</strong></span> <span class='ocrx_word' id='word_1_46' title='bbox 1114 1000 1245 1045; x_wconf 85' lang='lat' dir='ltr'><strong>oausam</strong></span> <span class='ocrx_word' id='word_1_47' title='bbox 1269 978 1315 1044; x_wconf 85' lang='lat' dir='ltr'><strong>et-</strong></span> 
     </span>
    </p>
   </div>
   <div class='ocr_carea' id='block_1_3' title="bbox 76 1073 1315 1170">
    <p class='ocr_par' dir='ltr' id='par_1_3' title="bbox 76 1073 1315 1170">
     <span class='ocr_line' id='line_1_7' title="bbox 76 1073 1315 1170; baseline 0 -23"><span class='ocrx_word' id='word_1_48' title='bbox 76 1073 79 1080; x_wconf 69' lang='grc'><strong>’</strong></span> <span class='ocrx_word' id='word_1_49' title='bbox 211 1081 393 1162; x_wconf 73' lang='lat' dir='ltr'><strong>finientem,</strong></span> <span class='ocrx_word' id='word_1_50' title='bbox 428 1089 538 1149; x_wconf 83' lang='lat' dir='ltr'><strong>tamen</strong></span> <span class='ocrx_word' id='word_1_51' title='bbox 568 1080 604 1149; x_wconf 75' lang='grc' dir='ltr'><strong>ἐκ</strong></span> <span class='ocrx_word' id='word_1_52' title='bbox 631 1103 760 1170; x_wconf 81' lang='lat' dir='ltr'><strong>prorsus</strong></span> <span class='ocrx_word' id='word_1_53' title='bbox 782 1083 882 1149; x_wconf 91' lang='lat' dir='ltr'><strong>alium</strong></span> <span class='ocrx_word' id='word_1_54' title='bbox 907 1084 1045 1149; x_wconf 86' lang='lat' dir='ltr'><strong>colorem</strong></span> <span class='ocrx_word' id='word_1_55' title='bbox 1067 1084 1124 1148; x_wconf 90' lang='lat' dir='ltr'><strong>dat</strong></span> <span class='ocrx_word' id='word_1_56' title='bbox 1145 1082 1223 1148; x_wconf 80' lang='lat' dir='ltr'><strong>locis</strong></span> <span class='ocrx_word' id='word_1_57' title='bbox 1243 1084 1315 1166; x_wconf 84' lang='lat' dir='ltr'><strong>qui—</strong></span> 
     </span>
    </p>
   </div>
   <div class='ocr_carea' id='block_1_4' title="bbox 162 1184 1368 4141">
    <p class='ocr_par' dir='ltr' id='par_1_4' title="bbox 162 1184 1368 4141">
     <span class='ocr_line' id='line_1_8' title="bbox 213 1184 1315 1272; baseline 0.001 -23"><span class='ocrx_word' id='word_1_58' title='bbox 213 1184 273 1250; x_wconf 84' lang='lat' dir='ltr'><strong>bus</strong></span> <span class='ocrx_word' id='word_1_59' title='bbox 295 1185 433 1269; x_wconf 86' lang='lat' dir='ltr'><strong>ponitur.</strong></span> <span class='ocrx_word' id='word_1_60' title='bbox 478 1189 571 1266; x_wconf 76' lang='lat' dir='ltr'><strong>Quod</strong></span> <span class='ocrx_word' id='word_1_61' title='bbox 593 1188 760 1252; x_wconf 75' lang='lat' dir='ltr'><strong>manifeste</strong></span> <span class='ocrx_word' id='word_1_62' title='bbox 781 1191 918 1270; x_wconf 82' lang='lat' dir='ltr'><strong>apparet</strong></span> <span class='ocrx_word' id='word_1_63' title='bbox 939 1206 978 1250; x_wconf 88' lang='lat' dir='ltr'><strong>ex</strong></span> <span class='ocrx_word' id='word_1_64' title='bbox 1000 1185 1086 1269; x_wconf 80' lang='lat' dir='ltr'><strong>Sept.</strong></span> <span class='ocrx_word' id='word_1_65' title='bbox 1109 1184 1173 1250; x_wconf 77' lang='lat' dir='ltr'><strong>tao</strong></span> <span class='ocrx_word' id='word_1_66' title='bbox 1194 1206 1315 1272; x_wconf 62' lang='grc' dir='ltr'><strong>ιιραινγὑ</strong></span> 
     </span>
     <span class='ocr_line' id='line_1_9' title="bbox 213 1283 1316 1375; baseline 0 -23"><span class='ocrx_word' id='word_1_67' title='bbox 213 1285 290 1366; x_wconf 77' lang='grc' dir='ltr'><em>θεὶς</em></span> <span class='ocrx_word' id='word_1_68' title='bbox 310 1286 347 1352; x_wconf 80' lang='grc' dir='ltr'><strong>ἐκ</strong></span> <span class='ocrx_word' id='word_1_69' title='bbox 368 1284 474 1375; x_wconf 81' lang='grc' dir='ltr'><em>φίλων</em></span> <span class='ocrx_word' id='word_1_70' title='bbox 495 1283 665 1373; x_wconf 77' lang='grc' dir='ltr'><em>ἀβουλιᾶν,</em></span> <span class='ocrx_word' id='word_1_71' title='bbox 700 1287 755 1355; x_wconf 86' lang='lat' dir='ltr'><strong>ubi</strong></span> <span class='ocrx_word' id='word_1_72' title='bbox 777 1289 865 1353; x_wconf 91' lang='lat' dir='ltr'><strong>mala</strong></span> <span class='ocrx_word' id='word_1_73' title='bbox 886 1284 957 1353; x_wconf 85' lang='lat' dir='ltr'><strong>Laii</strong></span> <span class='ocrx_word' id='word_1_74' title='bbox 978 1289 1111 1353; x_wconf 82' lang='lat' dir='ltr'><strong>consilia</strong></span> <span class='ocrx_word' id='word_1_75' title='bbox 1132 1289 1316 1372; x_wconf 82' lang='lat' dir='ltr'><strong>cogitantur</strong></span> 
     </span>
     <span class='ocr_line' id='line_1_10' title="bbox 213 1391 1316 1478; baseline -0.001 -23"><span class='ocrx_word' id='word_1_76' title='bbox 213 1392 392 1475; x_wconf 79' lang='lat' dir='ltr'><strong>peruiciosa</strong></span> <span class='ocrx_word' id='word_1_77' title='bbox 413 1393 548 1457; x_wconf 90' lang='lat' dir='ltr'><strong>numina</strong></span> <span class='ocrx_word' id='word_1_78' title='bbox 577 1413 660 1476; x_wconf 88' lang='lat' dir='ltr'><strong>quae</strong></span> <span class='ocrx_word' id='word_1_79' title='bbox 682 1394 766 1478; x_wconf 85' lang='lat' dir='ltr'><strong>regie</strong></span> <span class='ocrx_word' id='word_1_80' title='bbox 787 1393 930 1456; x_wconf 88' lang='lat' dir='ltr'><strong>animum</strong></span> <span class='ocrx_word' id='word_1_81' title='bbox 952 1396 1104 1474; x_wconf 78' lang='lat' dir='ltr'><strong>superant</strong></span> <span class='ocrx_word' id='word_1_82' title='bbox 1125 1393 1213 1456; x_wconf 89' lang='lat' dir='ltr'><strong>etin</strong></span> <span class='ocrx_word' id='word_1_83' title='bbox 1235 1391 1316 1455; x_wconf 84' lang='lat' dir='ltr'><strong>etul-</strong></span> 
     </span>
     <span class='ocr_line' id='line_1_11' title="bbox 213 1489 1314 1583; baseline -0.001 -26"><span class='ocrx_word' id='word_1_84' title='bbox 213 1494 303 1558; x_wconf 84' lang='lat' dir='ltr'><strong>titias</strong></span> <span class='ocrx_word' id='word_1_85' title='bbox 324 1494 509 1583; x_wconf 79' lang='lat' dir='ltr'><strong>impellunt3</strong></span> <span class='ocrx_word' id='word_1_86' title='bbox 533 1495 643 1579; x_wconf 83' lang='lat' dir='ltr'><strong>Suppl.</strong></span> <span class='ocrx_word' id='word_1_87' title='bbox 668 1499 729 1560; x_wconf 75' lang='lat'><strong>942</strong></span> <span class='ocrx_word' id='word_1_88' title='bbox 753 1493 789 1559; x_wconf 74' lang='grc' dir='ltr'><strong>ἐκ</strong></span> <span class='ocrx_word' id='word_1_89' title='bbox 811 1490 940 1570; x_wconf 75' lang='grc' dir='ltr'><em>πόλεως</em></span> <span class='ocrx_word' id='word_1_90' title='bbox 961 1489 1021 1574; x_wconf 92' lang='grc' dir='ltr'><em>μιά</em></span> <span class='ocrx_word' id='word_1_91' title='bbox 1042 1497 1158 1580; x_wconf 78' lang='grc' dir='ltr'><strong><em>ψῆφος</em></strong></span> <span class='ocrx_word' id='word_1_92' title='bbox 1179 1491 1314 1580; x_wconf 73' lang='grc' dir='ltr'><em>κέκραν-</em></span> 
     </span>
     <span class='ocr_line' id='line_1_12' title="bbox 213 1592 1316 1682; baseline 0 -23"><span class='ocrx_word' id='word_1_93' title='bbox 213 1619 269 1660; x_wconf 76' lang='grc' dir='ltr'><strong>ται</strong></span> <span class='ocrx_word' id='word_1_94' title='bbox 290 1597 311 1659; x_wconf 88' lang='lat' dir='ltr'><strong>i.</strong></span> <span class='ocrx_word' id='word_1_95' title='bbox 329 1616 356 1660; x_wconf 90' lang='lat' dir='ltr'><strong>e.</strong></span> <span class='ocrx_word' id='word_1_96' title='bbox 381 1594 416 1660; x_wconf 78' lang='grc' dir='ltr'><strong>ἐκ</strong></span> <span class='ocrx_word' id='word_1_97' title='bbox 436 1596 600 1676; x_wconf 60' lang='lat' dir='ltr'><strong>eniienim</strong></span> <span class='ocrx_word' id='word_1_98' title='bbox 638 1597 724 1680; x_wconf 85' lang='lat' dir='ltr'><strong>Sept.</strong></span> <span class='ocrx_word' id='word_1_99' title='bbox 748 1601 809 1661; x_wconf 82' lang='lat'><strong>805</strong></span> <span class='ocrx_word' id='word_1_100' title='bbox 840 1592 964 1682; x_wconf 66' lang='grc' dir='ltr'><em>ἄνδρες</em></span> <span class='ocrx_word' id='word_1_101' title='bbox 980 1596 1137 1661; x_wconf 56' lang='grc' dir='ltr'><em>τεθνᾶσιν</em></span> <span class='ocrx_word' id='word_1_102' title='bbox 1159 1592 1194 1660; x_wconf 76' lang='grc' dir='ltr'><strong>ἐκ</strong></span> <span class='ocrx_word' id='word_1_103' title='bbox 1214 1599 1316 1681; x_wconf 76' lang='grc' dir='ltr'><em>χερῶν</em></span> 
     </span>
     <span class='ocr_line' id='line_1_13' title="bbox 212 1691 1316 1781; baseline -0.001 -19"><span class='ocrx_word' id='word_1_104' title='bbox 212 1691 416 1762; x_wconf 70' lang='grc' dir='ltr'><strong><em>αὐτοκτόνων</em></strong></span> <span class='ocrx_word' id='word_1_105' title='bbox 437 1699 490 1777; x_wconf 83' lang='lat' dir='ltr'><strong>(cf.</strong></span> <span class='ocrx_word' id='word_1_106' title='bbox 514 1699 565 1764; x_wconf 83' lang='lat' dir='ltr'><strong>Sc.</strong></span> <span class='ocrx_word' id='word_1_107' title='bbox 589 1696 702 1763; x_wconf 87' lang='lat' dir='ltr'><strong>Traoh.</strong></span> <span class='ocrx_word' id='word_1_108' title='bbox 730 1702 827 1779; x_wconf 78' lang='lat'>11333</span> <span class='ocrx_word' id='word_1_109' title='bbox 855 1696 932 1764; x_wconf 80' lang='lat' dir='ltr'><strong>(led.</strong></span> <span class='ocrx_word' id='word_1_110' title='bbox 956 1721 982 1762; x_wconf 88' lang='lat' dir='ltr'><strong>r.</strong></span> <span class='ocrx_word' id='word_1_111' title='bbox 1007 1700 1097 1781; x_wconf 87' lang='grc'>811),</span> <span class='ocrx_word' id='word_1_112' title='bbox 1122 1699 1177 1763; x_wconf 90' lang='lat' dir='ltr'><strong>ubi</strong></span> <span class='ocrx_word' id='word_1_113' title='bbox 1199 1716 1316 1762; x_wconf 80' lang='lat' dir='ltr'><strong>manue</strong></span> 
     </span>
     <span class='ocr_line' id='line_1_14' title="bbox 213 1798 1316 1884; baseline -0.001 -19"><span class='ocrx_word' id='word_1_114' title='bbox 213 1802 411 1867; x_wconf 76' lang='lat' dir='ltr'><strong>inducuntur</strong></span> <span class='ocrx_word' id='word_1_115' title='bbox 434 1798 565 1884; x_wconf 81' lang='lat' dir='ltr'><strong>agentes</strong></span> <span class='ocrx_word' id='word_1_116' title='bbox 588 1806 621 1865; x_wconf 88' lang='lat' dir='ltr'><strong>et</strong></span> <span class='ocrx_word' id='word_1_117' title='bbox 643 1798 813 1867; x_wconf 84' lang='lat' dir='ltr'><strong>efficientes</strong></span> <span class='ocrx_word' id='word_1_118' title='bbox 834 1808 985 1881; x_wconf 78' lang='lat' dir='ltr'><strong>mortem,</strong></span> <span class='ocrx_word' id='word_1_119' title='bbox 1008 1821 1073 1865; x_wconf 90' lang='lat' dir='ltr'><strong>non</strong></span> <span class='ocrx_word' id='word_1_120' title='bbox 1095 1801 1177 1866; x_wconf 81' lang='lat' dir='ltr'><strong>talea</strong></span> <span class='ocrx_word' id='word_1_121' title='bbox 1199 1798 1316 1883; x_wconf 78' lang='lat' dir='ltr'><strong>quibua</strong></span> 
     </span>
     <span class='ocr_line' id='line_1_15' title="bbox 213 1896 1313 1988; baseline -0.001 -21"><span class='ocrx_word' id='word_1_122' title='bbox 213 1905 263 1968; x_wconf 80' lang='lat' dir='ltr'><strong>usi</strong></span> <span class='ocrx_word' id='word_1_123' title='bbox 279 1909 355 1968; x_wconf 80' lang='lat' dir='ltr'><strong>eunt</strong></span> <span class='ocrx_word' id='word_1_124' title='bbox 368 1903 515 1968; x_wconf 83' lang='lat' dir='ltr'><strong>Eteocles</strong></span> <span class='ocrx_word' id='word_1_125' title='bbox 532 1909 565 1968; x_wconf 85' lang='lat' dir='ltr'><strong>et</strong></span> <span class='ocrx_word' id='word_1_126' title='bbox 579 1905 744 1987; x_wconf 75' lang='lat' dir='ltr'><strong>Polynices</strong></span> <span class='ocrx_word' id='word_1_127' title='bbox 765 1905 808 1970; x_wconf 88' lang='lat' dir='ltr'><strong>ad</strong></span> <span class='ocrx_word' id='word_1_128' title='bbox 830 1896 965 1969; x_wconf 82' lang='lat' dir='ltr'><strong>mortem</strong></span> <span class='ocrx_word' id='word_1_129' title='bbox 985 1896 1176 1988; x_wconf 37' lang='lat' dir='ltr'><strong>patrandam</strong></span> <span class='ocrx_word' id='word_1_130' title='bbox 1200 1902 1313 1987; x_wconf 84' lang='lat' dir='ltr'><strong>Suppl.</strong></span> 
     </span>
     <span class='ocr_line' id='line_1_16' title="bbox 212 2001 1316 2092; baseline -0.005 -21"><span class='ocrx_word' id='word_1_131' title='bbox 212 2011 255 2071; x_wconf 81' lang='lat'><strong>82</strong></span> <span class='ocrx_word' id='word_1_132' title='bbox 287 2003 323 2070; x_wconf 79' lang='grc' dir='ltr'><strong>ἐκ</strong></span> <span class='ocrx_word' id='word_1_133' title='bbox 351 2002 499 2088; x_wconf 71' lang='grc' dir='ltr'><strong>πολέμου</strong></span> <span class='ocrx_word' id='word_1_134' title='bbox 529 2005 746 2092; x_wconf 57' lang='lat' dir='ltr'><strong>compatrem</strong></span> <span class='ocrx_word' id='word_1_135' title='bbox 783 2009 840 2090; x_wconf 74' lang='lat' dir='ltr'><strong>lg.</strong></span> <span class='ocrx_word' id='word_1_136' title='bbox 867 2010 956 2084; x_wconf 83' lang='grc'>1496,</span> <span class='ocrx_word' id='word_1_137' title='bbox 983 2010 1064 2070; x_wconf 83' lang='grc'>1520</span> <span class='ocrx_word' id='word_1_138' title='bbox 1093 2001 1192 2090; x_wconf 80' lang='grc' dir='ltr'><em>δολίῳ</em></span> <span class='ocrx_word' id='word_1_139' title='bbox 1223 2001 1316 2090; x_wconf 78' lang='grc' dir='ltr'><em>μόρῳ</em></span> 
     </span>
     <span class='ocr_line' id='line_1_17' title="bbox 214 2101 1316 2196; baseline 0 -24"><span class='ocrx_word' id='word_1_140' title='bbox 214 2105 327 2188; x_wconf 79' lang='grc' dir='ltr'><em>δαμεὶς</em></span> <span class='ocrx_word' id='word_1_141' title='bbox 347 2106 384 2173; x_wconf 78' lang='grc' dir='ltr'><strong>ἐκ</strong></span> <span class='ocrx_word' id='word_1_142' title='bbox 405 2105 498 2194; x_wconf 79' lang='grc' dir='ltr'><em>χερὸς</em></span> <span class='ocrx_word' id='word_1_143' title='bbox 518 2101 696 2196; x_wconf 69' lang='grc' dir='ltr'><em>ἀμφιτόμῳ</em></span> <span class='ocrx_word' id='word_1_144' title='bbox 717 2105 878 2194; x_wconf 76' lang='grc' dir='ltr'><em>βελέμνῳ,</em></span> <span class='ocrx_word' id='word_1_145' title='bbox 916 2109 971 2173; x_wconf 86' lang='lat' dir='ltr'><strong>ubi</strong></span> <span class='ocrx_word' id='word_1_146' title='bbox 999 2109 1047 2172; x_wconf 72' lang='lat' dir='ltr'><strong>vio</strong></span> <span class='ocrx_word' id='word_1_147' title='bbox 1069 2108 1316 2192; x_wconf 75' lang='lat' dir='ltr'><strong>praepositionis</strong></span> 
     </span>
     <span class='ocr_line' id='line_1_18' title="bbox 211 2211 1314 2295; baseline -0.001 -21"><span class='ocrx_word' id='word_1_148' title='bbox 211 2212 298 2276; x_wconf 85' lang='lat' dir='ltr'><strong>inter</strong></span> <span class='ocrx_word' id='word_1_149' title='bbox 330 2212 411 2276; x_wconf 86' lang='lat' dir='ltr'><strong>duos</strong></span> <span class='ocrx_word' id='word_1_150' title='bbox 440 2211 565 2275; x_wconf 81' lang='lat' dir='ltr'><strong>dativae</strong></span> <span class='ocrx_word' id='word_1_151' title='bbox 586 2211 863 2275; x_wconf 71' lang='lat' dir='ltr'><strong>‘instrumentales</strong></span> <span class='ocrx_word' id='word_1_152' title='bbox 893 2211 1016 2295; x_wconf 80' lang='lat' dir='ltr'><strong>poeitae</strong></span> <span class='ocrx_word' id='word_1_153' title='bbox 1046 2227 1222 2294; x_wconf 79' lang='lat' dir='ltr'><strong>permagna</strong></span> <span class='ocrx_word' id='word_1_154' title='bbox 1255 2215 1314 2274; x_wconf 81' lang='lat' dir='ltr'><strong>est.</strong></span> 
     </span>
     <span class='ocr_line' id='line_1_19' title="bbox 213 2305 1315 2400; baseline -0.003 -21"><span class='ocrx_word' id='word_1_155' title='bbox 213 2314 318 2379; x_wconf 83' lang='lat' dir='ltr'><strong>Verba</strong></span> <span class='ocrx_word' id='word_1_156' title='bbox 347 2315 381 2378; x_wconf 89' lang='lat' dir='ltr'><strong>in</strong></span> <span class='ocrx_word' id='word_1_157' title='bbox 410 2315 467 2398; x_wconf 77' lang='lat' dir='ltr'><strong>Ag.</strong></span> <span class='ocrx_word' id='word_1_158' title='bbox 495 2318 574 2378; x_wconf 82' lang='grc'>1183</span> <span class='ocrx_word' id='word_1_159' title='bbox 603 2309 758 2400; x_wconf 75' lang='grc' dir='ltr'><em>φρενώσω</em></span> <span class='ocrx_word' id='word_1_160' title='bbox 780 2307 810 2377; x_wconf 68' lang='grc' dir='ltr'><em>ά</em></span> <span class='ocrx_word' id='word_1_161' title='bbox 830 2306 935 2378; x_wconf 74' lang='grc' dir='ltr'><strong><em>οὐκέτ’</em></strong></span> <span class='ocrx_word' id='word_1_162' title='bbox 955 2311 991 2393; x_wconf 84' lang='grc' dir='ltr'><strong>ἐξ</strong></span> <span class='ocrx_word' id='word_1_163' title='bbox 1010 2305 1208 2396; x_wconf 72' lang='grc' dir='ltr'><em>αἰνιγμάτων</em></span> <span class='ocrx_word' id='word_1_164' title='bbox 1228 2327 1315 2376; x_wconf 84' lang='lat' dir='ltr'><strong>ccm-</strong></span> 
     </span>
     <span class='ocr_line' id='line_1_20' title="bbox 162 2408 1314 2502; baseline -0.005 -20"><span class='ocrx_word' id='word_1_165' title='bbox 162 2408 166 2424; x_wconf 82' lang='lat'>&#39;</span> <span class='ocrx_word' id='word_1_166' title='bbox 207 2418 360 2502; x_wconf 61' lang='lat' dir='ltr'><strong>,paranda</strong></span> <span class='ocrx_word' id='word_1_167' title='bbox 380 2422 457 2482; x_wconf 85' lang='lat' dir='ltr'><strong>sunt</strong></span> <span class='ocrx_word' id='word_1_168' title='bbox 479 2438 551 2480; x_wconf 90' lang='lat' dir='ltr'><strong>oum</strong></span> <span class='ocrx_word' id='word_1_169' title='bbox 574 2439 602 2479; x_wconf 91' lang='lat' dir='ltr'><strong>v.</strong></span> <span class='ocrx_word' id='word_1_170' title='bbox 629 2420 724 2497; x_wconf 80' lang='lat'><em>11783</em></span> <span class='ocrx_word' id='word_1_171' title='bbox 765 2421 845 2482; x_wconf 84' lang='lat'>1638</span> <span class='ocrx_word' id='word_1_172' title='bbox 868 2413 908 2479; x_wconf 70' lang='lat' dir='ltr'><strong>‘la</strong></span> <span class='ocrx_word' id='word_1_173' title='bbox 930 2420 995 2480; x_wconf 81' lang='grc' dir='ltr'><strong>νῶν</strong></span> <span class='ocrx_word' id='word_1_174' title='bbox 1017 2413 1054 2480; x_wconf 72' lang='grc' dir='ltr'><strong>δὲ</strong></span> <span class='ocrx_word' id='word_1_175' title='bbox 1074 2414 1170 2478; x_wconf 70' lang='lat' dir='ltr'><strong>cotie</strong></span> <span class='ocrx_word' id='word_1_176' title='bbox 1189 2409 1314 2499; x_wconf 56' lang='grc' dir='ltr'><em>χρημάι</em></span> 
     </span>
     <span class='ocr_line' id='line_1_21' title="bbox 212 2512 1315 2606; baseline -0.005 -22"><span class='ocrx_word' id='word_1_177' title='bbox 212 2541 277 2584; x_wconf 77' lang='grc' dir='ltr'><strong>των</strong></span> <span class='ocrx_word' id='word_1_178' title='bbox 300 2515 500 2606; x_wconf 76' lang='grc' dir='ltr'><em>πειράσομαι</em></span> <span class='ocrx_word' id='word_1_179' title='bbox 521 2512 628 2605; x_wconf 79' lang='grc' dir='ltr'><em>άρχειν</em></span> <span class='ocrx_word' id='word_1_180' title='bbox 649 2519 789 2598; x_wconf 78' lang='lat' dir='ltr'><strong>„auxilio</strong></span> <span class='ocrx_word' id='word_1_181' title='bbox 805 2520 997 2597; x_wconf 77' lang='lat' dir='ltr'><strong>divitiarum,</strong></span> <span class='ocrx_word' id='word_1_182' title='bbox 1020 2517 1133 2600; x_wconf 78' lang='lat' dir='ltr'><strong>opibus</strong></span> <span class='ocrx_word' id='word_1_183' title='bbox 1148 2515 1315 2600; x_wconf 83' lang='lat' dir='ltr'><strong>adjntns“;</strong></span> 
     </span>
     <span class='ocr_line' id='line_1_22' title="bbox 214 2614 1314 2706; baseline -0.004 -20"><span class='ocrx_word' id='word_1_184' title='bbox 214 2622 292 2687; x_wconf 79' lang='lat' dir='ltr'><strong>coo.</strong></span> <span class='ocrx_word' id='word_1_185' title='bbox 317 2627 378 2687; x_wconf 81' lang='lat'><strong>523</strong></span> <span class='ocrx_word' id='word_1_186' title='bbox 401 2619 437 2686; x_wconf 72' lang='grc' dir='ltr'><strong>ἐκ</strong></span> <span class='ocrx_word' id='word_1_187' title='bbox 458 2616 486 2684; x_wconf 78' lang='grc' dir='ltr'><strong>ι’</strong></span> <span class='ocrx_word' id='word_1_188' title='bbox 509 2615 758 2706; x_wconf 65' lang='grc' dir='ltr'><em>ὀνειράτων-’καὶ</em></span> <span class='ocrx_word' id='word_1_189' title='bbox 780 2617 1045 2704; x_wconf 69' lang='grc' dir='ltr'><em>νυκτιπλάγκτων</em></span> <span class='ocrx_word' id='word_1_190' title='bbox 1067 2614 1228 2699; x_wconf 74' lang='grc' dir='ltr'><em>δειμάτων</em></span> <span class='ocrx_word' id='word_1_191' title='bbox 1251 2638 1314 2682; x_wconf 81' lang='grc' dir='ltr'><em>νιε-</em></span> 
     </span>
     <span class='ocr_line' id='line_1_23' title="bbox 214 2716 1315 2811; baseline -0.001 -25"><span class='ocrx_word' id='word_1_192' title='bbox 214 2723 382 2811; x_wconf 49' lang='lat' dir='ltr'><strong>talpam</strong></span> <span class='ocrx_word' id='word_1_193' title='bbox 419 2725 456 2788; x_wconf 86' lang='lat' dir='ltr'><strong>In</strong></span> <span class='ocrx_word' id='word_1_194' title='bbox 480 2726 536 2807; x_wconf 75' lang='lat' dir='ltr'><strong>Ag.</strong></span> <span class='ocrx_word' id='word_1_195' title='bbox 565 2728 645 2787; x_wconf 78' lang='lat'>1112</span> <span class='ocrx_word' id='word_1_196' title='bbox 667 2721 704 2804; x_wconf 75' lang='grc' dir='ltr'><strong>ἐξ</strong></span> <span class='ocrx_word' id='word_1_197' title='bbox 723 2718 921 2807; x_wconf 73' lang='grc' dir='ltr'><em>αἰνιγμάτων</em></span> <span class='ocrx_word' id='word_1_198' title='bbox 943 2720 1158 2808; x_wconf 72' lang='grc' dir='ltr'><em>ἐπαργέμοισι</em></span> <span class='ocrx_word' id='word_1_199' title='bbox 1181 2716 1315 2808; x_wconf 63' lang='grc' dir='ltr'><em>θεσφά-</em></span> 
     </span>
     <span class='ocr_line' id='line_1_24' title="bbox 212 2824 1313 2910; baseline -0.002 -20"><span class='ocrx_word' id='word_1_200' title='bbox 212 2846 284 2904; x_wconf 77' lang='grc' dir='ltr'><strong><em>τοις</em></strong></span> <span class='ocrx_word' id='word_1_201' title='bbox 306 2825 486 2891; x_wconf 82' lang='lat' dir='ltr'><strong>artificioeis</strong></span> <span class='ocrx_word' id='word_1_202' title='bbox 518 2827 782 2910; x_wconf 74' lang='lat' dir='ltr'><strong>explicationibus</strong></span> <span class='ocrx_word' id='word_1_203' title='bbox 814 2826 855 2889; x_wconf 90' lang='lat' dir='ltr'><strong>ab</strong></span> <span class='ocrx_word' id='word_1_204' title='bbox 882 2826 1026 2909; x_wconf 71' lang='lat' dir='ltr'><strong>liugero,</strong></span> <span class='ocrx_word' id='word_1_205' title='bbox 1065 2824 1313 2903; x_wconf 83' lang='lat' dir='ltr'><strong>Schneidewino,</strong></span> 
     </span>
     <span class='ocr_line' id='line_1_25' title="bbox 214 2928 1368 3012; baseline -0.002 -20"><span class='ocrx_word' id='word_1_206' title='bbox 214 2928 286 2992; x_wconf 86' lang='lat' dir='ltr'><strong>aliis</strong></span> <span class='ocrx_word' id='word_1_207' title='bbox 307 2928 479 3012; x_wconf 79' lang='lat' dir='ltr'><strong>proponitis</strong></span> <span class='ocrx_word' id='word_1_208' title='bbox 500 2945 579 3012; x_wconf 86' lang='lat' dir='ltr'><strong>opus</strong></span> <span class='ocrx_word' id='word_1_209' title='bbox 601 2948 665 2992; x_wconf 85' lang='lat' dir='ltr'><strong>non</strong></span> <span class='ocrx_word' id='word_1_210' title='bbox 688 2934 749 3007; x_wconf 81' lang='lat' dir='ltr'><strong>eet3</strong></span> <span class='ocrx_word' id='word_1_211' title='bbox 777 2928 929 2992; x_wconf 87' lang='lat' dir='ltr'><strong>dicuntur</strong></span> <span class='ocrx_word' id='word_1_212' title='bbox 950 2928 1034 2992; x_wconf 88' lang='lat' dir='ltr'><strong>enim</strong></span> <span class='ocrx_word' id='word_1_213' title='bbox 1056 2928 1203 3007; x_wconf 81' lang='lat' dir='ltr'><strong>oracula,</strong></span> <span class='ocrx_word' id='word_1_214' title='bbox 1232 2945 1315 3009; x_wconf 85' lang='lat' dir='ltr'><strong>quae</strong></span> <span class='ocrx_word' id='word_1_215' title='bbox 1363 2941 1368 2949; x_wconf 84' lang='lat'>·</span> 
     </span>
     <span class='ocr_line' id='line_1_26' title="bbox 214 3026 1315 3114; baseline -0.002 -20"><span class='ocrx_word' id='word_1_216' title='bbox 214 3031 349 3095; x_wconf 75' lang='lat' dir='ltr'><strong>obscura</strong></span> <span class='ocrx_word' id='word_1_217' title='bbox 375 3030 501 3094; x_wconf 85' lang='lat' dir='ltr'><strong>reddita</strong></span> <span class='ocrx_word' id='word_1_218' title='bbox 522 3037 604 3095; x_wconf 78' lang='lat' dir='ltr'><strong>aunt</strong></span> <span class='ocrx_word' id='word_1_219' title='bbox 636 3030 836 3114; x_wconf 80' lang='lat' dir='ltr'><strong>aenigmatis.</strong></span> <span class='ocrx_word' id='word_1_220' title='bbox 891 3026 1057 3094; x_wconf 86' lang='lat' dir='ltr'><strong>Difficiliur</strong></span> <span class='ocrx_word' id='word_1_221' title='bbox 1085 3036 1134 3094; x_wconf 84' lang='lat' dir='ltr'><strong>est</strong></span> <span class='ocrx_word' id='word_1_222' title='bbox 1163 3029 1252 3094; x_wconf 82' lang='lat' dir='ltr'><strong>locus</strong></span> <span class='ocrx_word' id='word_1_223' title='bbox 1281 3029 1315 3092; x_wconf 87' lang='lat' dir='ltr'><strong>in</strong></span> 
     </span>
     <span class='ocr_line' id='line_1_27' title="bbox 213 3121 1317 3217; baseline -0.005 -18"><span class='ocrx_word' id='word_1_224' title='bbox 213 3132 292 3199; x_wconf 78' lang='lat' dir='ltr'><strong>Cho.</strong></span> <span class='ocrx_word' id='word_1_225' title='bbox 320 3138 376 3196; x_wconf 79' lang='lat'><strong>157</strong></span> <span class='ocrx_word' id='word_1_226' title='bbox 408 3128 483 3196; x_wconf 83' lang='grc' dir='ltr'><em>κλύε</em></span> <span class='ocrx_word' id='word_1_227' title='bbox 504 3133 548 3201; x_wconf 73' lang='grc' dir='ltr'><strong>,δέ</strong></span> <span class='ocrx_word' id='word_1_228' title='bbox 569 3155 626 3214; x_wconf 85' lang='grc' dir='ltr'><strong>μοι</strong></span> <span class='ocrx_word' id='word_1_229' title='bbox 651 3129 751 3214; x_wconf 77' lang='grc' dir='ltr'><em>σέβας</em></span> <span class='ocrx_word' id='word_1_230' title='bbox 772 3121 798 3196; x_wconf 80' lang='grc' dir='ltr'><em>ὦ</em></span> <span class='ocrx_word' id='word_1_231' title='bbox 821 3124 955 3196; x_wconf 75' lang='grc' dir='ltr'><strong>δέσποτ’</strong></span> <span class='ocrx_word' id='word_1_232' title='bbox 978 3130 1015 3212; x_wconf 75' lang='grc' dir='ltr'><strong>ἐξ</strong></span> <span class='ocrx_word' id='word_1_233' title='bbox 1032 3125 1179 3217; x_wconf 73' lang='grc' dir='ltr'><em>ἀμαυρᾶς</em></span> <span class='ocrx_word' id='word_1_234' title='bbox 1199 3126 1317 3217; x_wconf 81' lang='grc' dir='ltr'><em>φρενός</em></span> 
     </span>
     <span class='ocr_line' id='line_1_28' title="bbox 214 3231 1315 3319; baseline -0.004 -19"><span class='ocrx_word' id='word_1_235' title='bbox 214 3236 310 3316; x_wconf 86' lang='lat' dir='ltr'><strong>„audi</strong></span> <span class='ocrx_word' id='word_1_236' title='bbox 332 3255 383 3300; x_wconf 89' lang='lat' dir='ltr'><strong>me</strong></span> <span class='ocrx_word' id='word_1_237' title='bbox 404 3254 461 3300; x_wconf 81' lang='lat' dir='ltr'><strong>rex</strong></span> <span class='ocrx_word' id='word_1_238' title='bbox 483 3236 618 3319; x_wconf 77' lang='lat' dir='ltr'><strong>glciioee</strong></span> <span class='ocrx_word' id='word_1_239' title='bbox 641 3254 680 3299; x_wconf 79' lang='lat' dir='ltr'><strong>ex</strong></span> <span class='ocrx_word' id='word_1_240' title='bbox 701 3239 807 3298; x_wconf 84' lang='lat' dir='ltr'><strong>mente</strong></span> <span class='ocrx_word' id='word_1_241' title='bbox 829 3240 887 3299; x_wconf 88' lang='lat' dir='ltr'><strong>tua</strong></span> <span class='ocrx_word' id='word_1_242' title='bbox 909 3234 1107 3314; x_wconf 82' lang='lat' dir='ltr'><strong>tenebrosa“‚</strong></span> <span class='ocrx_word' id='word_1_243' title='bbox 1130 3234 1185 3298; x_wconf 92' lang='lat' dir='ltr'><strong>ubi</strong></span> <span class='ocrx_word' id='word_1_244' title='bbox 1201 3231 1236 3297; x_wconf 77' lang='grc' dir='ltr'><strong>ἐκ</strong></span> <span class='ocrx_word' id='word_1_245' title='bbox 1252 3233 1315 3297; x_wconf 84' lang='lat' dir='ltr'><strong>vim</strong></span> 
     </span>
     <span class='ocr_line' id='line_1_29' title="bbox 216 3337 1316 3422; baseline -0.003 -20"><span class='ocrx_word' id='word_1_246' title='bbox 216 3338 351 3420; x_wconf 79' lang='lat' dir='ltr'><strong>localem</strong></span> <span class='ocrx_word' id='word_1_247' title='bbox 376 3339 477 3422; x_wconf 80' lang='lat' dir='ltr'><strong>magis</strong></span> <span class='ocrx_word' id='word_1_248' title='bbox 506 3337 605 3402; x_wconf 87' lang='lat' dir='ltr'><strong>habet</strong></span> <span class='ocrx_word' id='word_1_249' title='bbox 634 3357 731 3419; x_wconf 85' lang='lat' dir='ltr'><strong>quum</strong></span> <span class='ocrx_word' id='word_1_250' title='bbox 759 3343 796 3401; x_wconf 90' lang='lat' dir='ltr'><strong>ut</strong></span> <span class='ocrx_word' id='word_1_251' title='bbox 816 3338 936 3402; x_wconf 86' lang='lat' dir='ltr'><strong>dietum</strong></span> <span class='ocrx_word' id='word_1_252' title='bbox 959 3337 1117 3401; x_wconf 82' lang='lat' dir='ltr'><strong>sitdore</strong></span> <span class='ocrx_word' id='word_1_253' title='bbox 1139 3350 1316 3420; x_wconf 83' lang='lat' dir='ltr'><strong>perquam</strong></span> 
     </span>
     <span class='ocr_line' id='line_1_30' title="bbox 215 3436 1316 3524; baseline -0.004 -20"><span class='ocrx_word' id='word_1_254' title='bbox 215 3441 292 3524; x_wconf 85' lang='lat' dir='ltr'><strong>quid</strong></span> <span class='ocrx_word' id='word_1_255' title='bbox 322 3439 499 3524; x_wconf 65' lang='lat' dir='ltr'><strong>perfinitum</strong></span> <span class='ocrx_word' id='word_1_256' title='bbox 537 3439 668 3522; x_wconf 84' lang='lat' dir='ltr'><strong>respicit</strong></span> <span class='ocrx_word' id='word_1_257' title='bbox 696 3439 780 3502; x_wconf 88' lang='lat' dir='ltr'><strong>enim</strong></span> <span class='ocrx_word' id='word_1_258' title='bbox 811 3437 927 3503; x_wconf 83' lang='lat' dir='ltr'><strong>chorus</strong></span> <span class='ocrx_word' id='word_1_259' title='bbox 953 3457 1059 3522; x_wconf 81' lang='lat' dir='ltr'><strong>regem</strong></span> <span class='ocrx_word' id='word_1_260' title='bbox 1082 3454 1101 3502; x_wconf 88' lang='lat' dir='ltr'><strong>a</strong></span> <span class='ocrx_word' id='word_1_261' title='bbox 1123 3459 1185 3520; x_wconf 88' lang='lat' dir='ltr'><strong>quo</strong></span> <span class='ocrx_word' id='word_1_262' title='bbox 1209 3436 1316 3519; x_wconf 89' lang='lat' dir='ltr'><strong>amplo</strong></span> 
     </span>
     <span class='ocr_line' id='line_1_31' title="bbox 215 3536 1317 3626; baseline -0.003 -19"><span class='ocrx_word' id='word_1_263' title='bbox 215 3543 320 3626; x_wconf 87' lang='lat' dir='ltr'><strong>spatio</strong></span> <span class='ocrx_word' id='word_1_264' title='bbox 336 3548 385 3607; x_wconf 83' lang='lat' dir='ltr'><strong>est</strong></span> <span class='ocrx_word' id='word_1_265' title='bbox 400 3547 576 3625; x_wconf 79' lang='lat' dir='ltr'><strong>separatus.</strong></span> <span class='ocrx_word' id='word_1_266' title='bbox 602 3540 752 3605; x_wconf 84' lang='lat' dir='ltr'><strong>Ceterum</strong></span> <span class='ocrx_word' id='word_1_267' title='bbox 767 3541 846 3606; x_wconf 88' lang='lat' dir='ltr'><strong>mihi</strong></span> <span class='ocrx_word' id='word_1_268' title='bbox 858 3540 1028 3625; x_wconf 83' lang='lat' dir='ltr'><strong>explicatio</strong></span> <span class='ocrx_word' id='word_1_269' title='bbox 1038 3536 1317 3605; x_wconf 80' lang='lat' dir='ltr'><strong>olimaSohuetzio</strong></span> 
     </span>
     <span class='ocr_line' id='line_1_32' title="bbox 214 3642 1318 3730; baseline -0.003 -21"><span class='ocrx_word' id='word_1_270' title='bbox 214 3646 388 3730; x_wconf 78' lang='lat' dir='ltr'><strong>proposita,</strong></span> <span class='ocrx_word' id='word_1_271' title='bbox 411 3661 493 3727; x_wconf 83' lang='lat' dir='ltr'><strong>quae</strong></span> <span class='ocrx_word' id='word_1_272' title='bbox 515 3647 647 3726; x_wconf 86' lang='lat' dir='ltr'><strong>propter</strong></span> <span class='ocrx_word' id='word_1_273' title='bbox 670 3644 958 3727; x_wconf 73' lang='lat' dir='ltr'><strong>interpunctionem</strong></span> <span class='ocrx_word' id='word_1_274' title='bbox 980 3659 1079 3726; x_wconf 88' lang='lat' dir='ltr'><strong>quam</strong></span> <span class='ocrx_word' id='word_1_275' title='bbox 1095 3642 1149 3708; x_wconf 86' lang='lat' dir='ltr'><strong>ille</strong></span> <span class='ocrx_word' id='word_1_276' title='bbox 1164 3642 1318 3726; x_wconf 84' lang='lat' dir='ltr'><strong>sequeba-</strong></span> 
     </span>
     <span class='ocr_line' id='line_1_33' title="bbox 215 3743 1317 3830; baseline -0.002 -20"><span class='ocrx_word' id='word_1_277' title='bbox 215 3752 270 3811; x_wconf 86' lang='lat' dir='ltr'><strong>tur</strong></span> <span class='ocrx_word' id='word_1_278' title='bbox 292 3747 420 3811; x_wconf 87' lang='lat' dir='ltr'><strong>admitti</strong></span> <span class='ocrx_word' id='word_1_279' title='bbox 442 3765 506 3810; x_wconf 86' lang='lat' dir='ltr'><strong>non</strong></span> <span class='ocrx_word' id='word_1_280' title='bbox 528 3745 648 3830; x_wconf 84' lang='lat' dir='ltr'><strong>potuit,</strong></span> <span class='ocrx_word' id='word_1_281' title='bbox 685 3745 852 3829; x_wconf 90' lang='lat' dir='ltr'><strong>aliquanto</strong></span> <span class='ocrx_word' id='word_1_282' title='bbox 878 3745 990 3810; x_wconf 85' lang='lat' dir='ltr'><strong>melior</strong></span> <span class='ocrx_word' id='word_1_283' title='bbox 1012 3762 1080 3813; x_wconf 84' lang='lat' dir='ltr'><strong>cese</strong></span> <span class='ocrx_word' id='word_1_284' title='bbox 1102 3744 1237 3809; x_wconf 84' lang='lat' dir='ltr'><strong>videtur.</strong></span> <span class='ocrx_word' id='word_1_285' title='bbox 1283 3743 1317 3810; x_wconf 86' lang='lat' dir='ltr'><strong>Si</strong></span> 
     </span>
     <span class='ocr_line' id='line_1_34' title="bbox 215 3847 1318 3932; baseline -0.002 -18"><span class='ocrx_word' id='word_1_286' title='bbox 215 3848 301 3914; x_wconf 88' lang='lat' dir='ltr'><strong>enim</strong></span> <span class='ocrx_word' id='word_1_287' title='bbox 323 3848 424 3913; x_wconf 76' lang='lat' dir='ltr'><strong>secuti</strong></span> <span class='ocrx_word' id='word_1_288' title='bbox 442 3848 663 3913; x_wconf 75' lang='lat' dir='ltr'><strong>Heumannum</strong></span> <span class='ocrx_word' id='word_1_289' title='bbox 685 3854 758 3932; x_wconf 82' lang='lat' dir='ltr'><strong>poet</strong></span> <span class='ocrx_word' id='word_1_290' title='bbox 779 3847 879 3930; x_wconf 75' lang='grc' dir='ltr'><em>σέβας</em></span> <span class='ocrx_word' id='word_1_291' title='bbox 900 3849 1165 3928; x_wconf 59' lang='lat' dir='ltr'><strong>‚uenerationem</strong></span> <span class='ocrx_word' id='word_1_292' title='bbox 1187 3852 1318 3931; x_wconf 67' lang='grc' dir='ltr'><strong>μσεσσε*ι</strong></span> 
     </span>
     <span class='ocr_line' id='line_1_35' title="bbox 203 3949 1318 4034; baseline -0.001 -19"><span class='ocrx_word' id='word_1_293' title='bbox 203 3957 370 4034; x_wconf 85' lang='lat' dir='ltr'><strong>&#39;ponemus</strong></span> <span class='ocrx_word' id='word_1_294' title='bbox 391 3969 531 4030; x_wconf 84' lang='lat' dir='ltr'><strong>comma,</strong></span> <span class='ocrx_word' id='word_1_295' title='bbox 564 3971 637 4016; x_wconf 90' lang='lat' dir='ltr'><strong>oum</strong></span> <span class='ocrx_word' id='word_1_296' title='bbox 665 3950 727 4015; x_wconf 91' lang='lat' dir='ltr'><strong>hac</strong></span> <span class='ocrx_word' id='word_1_297' title='bbox 756 3971 831 4015; x_wconf 83' lang='lat' dir='ltr'><strong>voce</strong></span> <span class='ocrx_word' id='word_1_298' title='bbox 857 3949 1009 4015; x_wconf 82' lang='lat' dir='ltr'><strong>facillime</strong></span> <span class='ocrx_word' id='word_1_299' title='bbox 1031 3951 1224 4033; x_wconf 80' lang='lat' dir='ltr'><strong>conjungere</strong></span> <span class='ocrx_word' id='word_1_300' title='bbox 1245 3964 1318 4032; x_wconf 67' lang='lat' dir='ltr'><strong>poe</strong></span> 
     </span>
     <span class='ocr_line' id='line_1_36' title="bbox 215 4043 1315 4141; baseline -0.002 -22"><span class='ocrx_word' id='word_1_301' title='bbox 215 4062 324 4119; x_wconf 83' lang='lat' dir='ltr'><strong>sumus</strong></span> <span class='ocrx_word' id='word_1_302' title='bbox 352 4049 389 4134; x_wconf 70' lang='grc' dir='ltr'><strong>ἐξ</strong></span> <span class='ocrx_word' id='word_1_303' title='bbox 414 4043 560 4140; x_wconf 69' lang='grc' dir='ltr'><em>ἀμαυρᾶς</em></span> <span class='ocrx_word' id='word_1_304' title='bbox 581 4045 697 4141; x_wconf 74' lang='grc' dir='ltr'><em>φρενός</em></span> <span class='ocrx_word' id='word_1_305' title='bbox 729 4067 858 4138; x_wconf 79' lang='lat' dir='ltr'><strong>„preces</strong></span> <span class='ocrx_word' id='word_1_306' title='bbox 880 4069 1003 4138; x_wconf 79' lang='lat' dir='ltr'><strong>quaec</strong></span> <span class='ocrx_word' id='word_1_307' title='bbox 1025 4052 1118 4117; x_wconf 81' lang='lat' dir='ltr'><strong>corde</strong></span> <span class='ocrx_word' id='word_1_308' title='bbox 1140 4048 1234 4117; x_wconf 81' lang='lat' dir='ltr'><strong>malis</strong></span> <span class='ocrx_word' id='word_1_309' title='bbox 1258 4052 1315 4118; x_wconf 89' lang='lat' dir='ltr'><strong>ob·</strong></span> 
     </span>
    </p>
   </div>
   <div class='ocr_carea' id='block_1_5' title="bbox 0 0 1436 4776">
    <p class='ocr_par' dir='ltr' id='par_1_5' title="bbox 0 0 1436 4776">
     <span class='ocr_line' id='line_1_37' title="bbox 0 0 1436 4776; baseline 0 0"><span class='ocrx_word' id='word_1_310' title='bbox 0 0 1436 4776; x_wconf 95' lang='lat' dir='ltr'><strong> </strong></span> 
     </span>
    </p>
   </div>
  </div>
 </body>
</html>
