2856 4776
684 391 702 448 7

145 574 190 637 ris
217 566 294 636 α’νθ)
317 562 361 637 ὧν
389 573 576 658 simpliciter
606 575 726 637 dietum
755 595 822 638 esse
849 595 907 656 pro
937 575 995 652 „do
1024 573 1110 636 hisce
1133 573 1245 652 nausia,

147 665 191 739 ὧν
213 672 364 756 οὕνεκα“;
388 676 547 760 signifieat
568 697 686 757 magna
708 677 738 739 vi
761 677 942 759 praeditum
966 675 1018 754 „in
1040 695 1175 760 poenam
1198 681 1247 738 ta·

146 778 224 842 lium
246 779 518 843 facinorumf‘s-
1153 853 1158 862 .

232 881 265 962 b)
288 881 410 947 Deinde
431 875 505 946 οἶνοί
525 883 645 948 indicat
659 883 692 946 in
709 881 812 946 locum
828 881 963 964 alicujus
979 881 1024 944 rei
1041 880 1135 943 aliam
1155 880 1245 958 inire,

147 1004 204 1066 pro
227 983 393 1067 aliquare
415 984 504 1048 aliud
526 986 601 1068 quid
626 984 705 1049 effioi
727 984 777 1047 vel
799 985 896 1048 sumi:
934 1005 1019 1066 „pro
1043 983 1144 1048 looo.“
1188 983 1245 1065 Ag.

150 1091 188 1150 14
210 1081 316 1172 φόβος
337 1082 397 1171 γὰρ
419 1080 495 1150 ἄνθ’
518 1083 622 1150 ὕπνον
645 1087 867 1171 παροοταοεῖ;
890 1091 952 1149 434.
976 1078 1049 1148 οίντί
1073 1082 1108 1149 δὲ
1130 1087 1248 1170 φωτῶν

146 1183 317 1274 τεύχηκαί
340 1184 467 1264 σποδὸς
487 1225 530 1236 —-
553 1182 737 1274 ἀφικνεῖται
744 1216 754 1267 ,·
794 1193 872 1252 1277
903 1192 1016 1269 βωμοῦ
1043 1181 1197 1272 πατρῴου
1219 1179 1248 1249 δ’

147 1283 214 1352 ἄντ’
237 1285 391 1375 ἐπίξηνον
412 1288 518 1371 μένεις
555 1291 631 1355 Gho.
657 1294 718 1355 342
746 1283 819 1354 οἶνοί
849 1289 885 1354 δὲ
911 1285 1041 1375 θρήνων
1070 1286 1247 1370 ἐπιτυμβι-

148 1388 226 1455 δίων
254 1389 357 1455 παιὰν
385 1396 542 1477 νεοκρᾶτα
568 1388 665 1478 φίλον
694 1387 857 1472 κομίσειεν
876 1393 910 1473 ¹).
978 1392 1059 1456 Cum
1092 1391 1247 1455 brevitate

148 1494 287 1578 quadam
318 1495 350 1558 in
380 1493 467 1578 Sept.
495 1498 575 1558 1050
605 1495 725 1559 dictum
756 1499 804 1557 est
832 1487 902 1557 ἄλλ)
931 1487 977 1571 είς
999 1488 1149 1568 ἅπαντας
1171 1482 1247 1555 ἄνθ’

146 1592 217 1673 ἑνὸς
243 1589 312 1660 τόδ’
344 1591 436 1681 ἔργον
462 1585 501 1682 ἧν
528 1617 610 1679 quae
640 1597 738 1661 verba
764 1596 983 1679 interpreteris
1012 1596 1086 1675 „sed
1108 1594 1247 1677 injuriae

146 1700 215 1781 ejus
238 1720 346 1762 omnes
367 1699 542 1782 tetigerunt
564 1720 662 1781 quum
689 1720 773 1762 unus
801 1699 915 1782 dignus
937 1703 1020 1762 esset
1043 1698 1097 1780 qui
1119 1696 1247 1780 punire-

145 1807 229 1864 tur.“
274 1799 369 1880 (Aliis
391 1799 469 1864 loois
491 1804 586 1882 poeta
607 1799 691 1864 hanc
714 1800 929 1865 obscuriorem
949 1800 1075 1864 dicendi
1090 1799 1246 1863 rationem

146 1903 259 1965 vitavit
280 1902 318 1965 of.
338 1903 429 1964 Eum.
449 1905 505 1964 37:
529 1898 630 1985 τρέχω
652 1898 688 1965 δὲ
708 1901 825 1987 χερσίν,
849 1895 887 1965 oo'
909 1896 1077 1986 ποδωκείᾳ
1100 1901 1246 1980 σκελῶν).

147 2002 266 2068 Similis
288 2007 337 2066 est
358 2002 446 2067 loeus
467 2003 500 2066 in
523 2002 581 2085 Ag.
602 2007 679 2066 1061
707 2000 746 2066 οὺ
769 1996 798 2067 δ’
820 1997 893 2067 οίντὶ
916 2007 1024 2090 φωνῆς
1045 1999 1146 2088 φράζε
1168 2025 1247 2086 καρ-

144 2100 235 2189 βάνῳ
260 2099 344 2189 χερί,
384 2126 446 2187 quo
475 2097 549 2167 οίνοί
575 2110 765 2187 usurpatum
787 2110 836 2170 est
857 2105 1048 2189 praegnanti
1071 2104 1165 2168 modo
1187 2124 1247 2187 pro

145 2208 314 2271 enunciato
329 2207 414 2271 idem
430 2206 622 2271 declaranti:
647 2203 703 2270 ἐὰν
725 2200 817 2294 φωνῇ
839 2204 972 2294 φράζειν
994 2202 1039 2294 μὴ
1063 2201 1139 2293 δύνῃ
1161 2200 1247 2292 φρά-

146 2309 179 2388 ζε
200 2313 292 2393 ruofi.
314 2302 392 2393 χερί.
416 2347 459 2357 —-
481 2301 580 2385 ἄλλος
602 2301 676 2372 ἄντί
697 2332 786 2386 τινος
808 2311 925 2394 (Prom.
950 2314 1029 2387 4673
1068 2311 1126 2391 Ag.
1153 2312 1246 2385 1268)

144 2432 202 2493 pro
232 2402 252 2495 ἢ
279 2432 331 2486 τις
359 2410 476 2492 (Prom.
501 2416 580 2490 440;
618 2410 703 2495 Sept.
728 2416 805 2493 851)
835 2434 874 2476 ex
902 2433 962 2476 usu
991 2411 1186 2494 tragicorum
1214 2415 1247 2474 et

144 2513 327 2595 gravissime
342 2513 463 2576 dietum
486 2512 538 2593 (ef.
557 2511 651 2595 Soph.
673 2514 727 2595 Ag.
745 2519 822 2592 4445
852 2514 927 2577 Oed.
947 2513 1108 2592 001.488;
1131 2511 1244 2576 Traoh.

148 2617 243 2692 1226;
279 2613 402 2698 Pfiugk.
433 2614 474 2677 ad
503 2615 579 2678 Eur.
610 2615 680 2678 Hel.
713 2619 799 2694 574).
845 2615 888 2678 Ut
916 2609 1087 2699 αἱρεῖσθαί
1113 2637 1147 2677 τι
1173 2606 1247 2677 ἄντί

145 2737 233 2792 τινος
254 2715 341 2780 haud
364 2735 437 2779 raro
459 2716 543 2780 idem
568 2723 616 2781 est
639 2716 724 2798 quod
753 2710 925 2801 αἱρεῖσθαί
943 2738 977 2780 τι
998 2715 1122 2797 μᾶλλον
1144 2707 1164 2802 ἢ
1185 2708 1245 2780 iit-

144 2817 181 2879 ίο
203 2840 253 2896 τι,
293 2817 337 2881 sic
367 2818 464 2888 etiam
494 2818 528 2882 in
556 2817 641 2902 Sept.
668 2821 729 2880 204
758 2812 845 2880 τοῦτ’
877 2809 945 2882 ἄντ’
971 2813 1100 2883 ἐκείνων
1121 2810 1246 2896 τοίπος

144 2913 299 3003 αἱροῦμαι
320 2917 428 2982 ’σέθεν
454 2919 534 3000 „hoe
560 2918 691 2984 verbum
718 2919 869 2985 libentius
896 2921 1007 2986 abste
1030 2921 1243 3005 audioquam

142 3019 229 3083 illa.“
360 3039 361 3042 ’

173 3161 349 3168 ...ᾷκ--υ-

141 3229 195 3281 uisi
216 3232 412 3298 ›quapropter‚
430 3246 546 3298 quare«,
564 3227 612 3296 'qui
631 3245 725 3281 seusus
744 3228 875 3282 facillime
895 3227 961 3282 oriri
978 3228 1081 3298 potuit3
1116 3230 1163 3284 sed
1182 3230 1243 3300 quis

142 3317 176 3369 de
199 3333 231 3368 ea
255 3333 338 3369 eausa
362 3317 537 3370 contenderit
560 3313 711 3369 &attidem
730 3316 880 3384 essequod
899 3314 997 3370 ἓνεκαῖ
1033 3317 1131 3371 Nonne
1148 3320 1244 3386 utique

141 3403 354 3470 improbandum
376 3407 419 3456 est
437 3403 511 3471 quod
529 3402 685 3457 Ellendtius
703 3404 788 3469 verba
806 3403 855 3456 ilio
873 3403 901 3455 in
920 3403 1001 3473 Soph.
1020 3404 1063 3458 El.
1082 3405 1134 3457 537
1158 3407 1244 3475 expli·

142 3491 229 3544 canda
246 3507 304 3543 esse
323 3491 392 3545 dieit
413 3494 541 3559 »propter
558 3489 709 3543 fratrem?
728 3489 763 3544 of.
776 3490 816 3543 ibi
831 3491 1000 3545 Schneidew.
1036 3491 1147 3544 Cautius
1160 3509 1242 3561 quam

140 3577 174 3629 ab
192 3577 333 3631 Ellendtio
351 3577 476 3646 quaestio
493 3577 561 3630 hoec
580 3577 675 3645 peonis
693 3580 815 3630 tractata
834 3579 907 3646 apud
925 3577 1019 3646 Viger.
1036 3596 1062 3646 p.
1076 3578 1136 3631 572.
1156 3580 1188 3632 X.

211 3689 230 3755 ¹)
267 3690 308 3741 De
325 3689 377 3758 Ag.
399 3688 447 3741 179
466 3689 558 3758 relego
582 3689 617 3742 ad
635 3689 750 3742 Ahrens.
771 3689 1031 3760 (Phi101.Suppl.1.
1051 3710 1078 3760 p.
1092 3693 1166 3760 292);
1186 3711 1242 3746 non

139 3775 219 3828 video
239 3792 287 3828 our
304 3775 388 3828 leotio
404 3774 523 3828 Medioei
540 3776 673 3828 mutanda
691 3777 735 3844 sit,
754 3794 920 3845 quamquam
939 3778 1124 3845 conjecturam
1143 3778 1241 3848 Empe·

140 3862 174 3914 rii
200 3858 264 3912 ἄνθ’
284 3856 373 3912 ὕπνου
398 3866 426 3914 et
449 3862 537 3930 ipsam
555 3863 667 3932 egregia
685 3881 744 3919 esse
762 3866 898 3917 sententia
915 3865 1011 3934 negari
1028 3865 1132 3934 nequit.
1168 3867 1242 3935 Reji·

140 3948 237 4002 cienda
264 3952 306 4001 est
328 3949 412 4002 lectio
435 3967 516 4017 quam
538 3950 709 4020 Hartungius
736 3951 763 4003 iu
790 3951 840 4020 Ag.
863 3953 929 4003 1288
948 3953 1037 4020 (1360)
1055 3956 1164 4006 secutus
1183 3958 1237 4007 ost·

140 4035 174 4087 of.
194 4052 314 4103 eaquae
333 4037 383 4090 sub
403 4035 432 4089 ἐκ
451 4037 592 4106 disputato
610 4039 681 4090 sunt.
