2856 4776
691 411 733 482 ’37

159 601 274 670 πόνων
295 601 331 670 ἐκ
354 598 449 670 τῶνδ’
472 601 529 686 ἐμὲ
552 599 659 684 λάσει,·
690 604 782 667 Eum.
806 608 868 667 443
892 600 927 667 ἐκ
948 608 1013 667 τῶν
1034 600 1181 668 ὑστάτων
1200 609 1264 668 τοῖν

161 713 229 776 σῶν
250 707 341 774 ἐντῶν
367 699 482 793 μέλημ’
505 699 678 793 άφαιρήσω
705 703 806 789 μένοι,·
842 704 952 789 Suppl.
977 712 1038 771 949
1067 703 1200 789 κομίζου
1230 701 1267 786 ἐξ

162 808 320 897 ὀμμάτων
353 809 505 891 „abscede
540 809 652 892 procul
689 831 706 873 e
741 814 911 892 conspectu
939 815 1041 888 me0“,
1082 811 1116 874 in
1150 810 1265 893 quibus

160 916 309 984 omnibus
332 909 368 978 ἐκ
390 912 494 996 pingit
515 911 762 993 disjunctionem
783 915 816 975 et
838 912 1081 993 separationem.

247 1019 336 1097 Quae
358 1014 466 1079 omnia
480 1014 567 1077 satis
588 1018 664 1078 sunt
685 1019 770 1076 nota.
814 1013 888 1078 Jam
909 1033 1013 1097 pauca
1028 1015 1093 1078 alia
1106 1013 1263 1078 addamus

159 1123 267 1188 minus
300 1119 379 1183 trita
413 1121 445 1179 et
476 1114 608 1199 majoris·
640 1116 801 1179 momenti.
845 1106 1003 1199 Exempla
1035 1116 1262 1182 attractionem

160 1223 276 1310 quibus
297 1218 492 1308 praepositio
514 1217 600 1300 apud
616 1217 808 1299 Aeschylum
824 1217 961 1282 afficitur
975 1218 1055 1283 haec
1070 1224 1159 1282 sunt:
1183 1217 1261 1282 Cho.

161 1331 221 1392 tor
245 1319 303 1388 τὸν
326 1320 363 1386 ἐκ
384 1322 493 1404 βυθοῦ
516 1318 686 1405 κλωστῆρα
709 1315 868 1398 σώζοντες
891 1314 980 1383 λίνου
1002 1321 1022 1384 i.
1039 1341 1066 1384 e.
1082 1315 1140 1383 τὸν
1153 1317 1189 1385 ἐν
1203 1324 1262 1403 βο-

162 1431 216 1513 θῴ
239 1426 287 1490 κλ.
311 1422 347 1490 ἐκ
369 1425 478 1506 βυθοῦ
500 1416 674 1502 σώζοντεςς
710 1421 801 1486 Eum.
827 1427 887 1486 265
918 1424 1032 1508 ῥοφεῖν
1060 1418 1199 1508 ἐρυθρὸν
1225 1420 1263 1487 ἐκ

161 1527 285 1613 μελέων
313 1525 457 1592 πέλανον
486 1525 506 1587 i.
523 1543 550 1587 e.
581 1525 694 1610 ῥοφεῖν
724 1521 759 1588 ἐκ
789 1521 912 1605 μελέων
934 1519 1072 1610 ἐρυθρὸν
1095 1519 1263 1606 innitent

161 1631 320 1710 niterer,-
356 1629 443 1712 Sept.
468 1631 510 1690 40
538 1620 605 1712 ἥκω
636 1631 726 1713 σαφῆ
746 1620 901 1692 τάκεῖθεν
922 1625 958 1691 ἐκ
980 1631 1120 1714 στρατοῦ
1142 1624 1263 1714 φέρωνς

160 1737 198 1801 ir.
229 1739 300 1813 alo,
330 1737 367 1811 43
405 1730 443 1794 ct
467 1728 661 1794 Schneidew.
693 1730 734 1794 ad
764 1729 814 1794 So.
845 1720 894 1793 Ei.
927 1735 996 1794 137.
1041 1730 1191 1794 Notanda
1212 1735 1262 1794 est

163 1835 304 1902 brevitas
331 1825 365 1898 in
394 1833 481 1897 Pers.
506 1835 567 1895 459
597 1826 708 1894 πολλὰ
735 1829 795 1911 μὲν
825 1827 884 1917 γὰρ
915 1828 950 1894 ἐκ
971 1836 1072 1918 χεριῖν
1093 1831 1263 1918 πέτροισιν

163 1932 344 2026 ἠράσσοντο
373 1933 653 2019 „percutiebantur
675 1932 834 2016 lapidibus
856 1954 873 1996 e
894 1954 992 1997 manu
1013 1935 1147 2013 missis“,
1178 1935 1262 2018 quod

162 2052 325 2124 compares
346 2056 420 2102 cum
441 2036 546 2100 verbis
560 2035 765 2118 sequentibus
788 2029 833 2097 ἰοὶ
854 2035 983 2122 τοξικῆς
1003 2029 1073 2100 α’τιὸ
1095 2032 1263 2121 θάμιγγος

162 2137 436 2230 momentana,-
455 2139 524 2223 jam
547 2136 608 2202 hoc
628 2143 845 2222 praegnanter
866 2139 1001 2204 dictum:
1025 2141 1264 2224 quantomagis

159 2244 255 2310 illud!
280 2235 327 2307 De
343 2243 401 2326 Ag.
419 2246 481 2305 560
503 2239 542 2304 cf.
560 2261 591 2323 p.
605 2244 660 2319 263
683 2240 928 2324 praepositionis
950 2242 1090 2325 gravitas
1111 2243 1263 2307 notabilis

160 2348 218 2431 Ag.
245 2349 327 2411 1178
355 2341 412 2408 καὶ
443 2330 507 2429 μὴν
537 2337 718 2428 ὃχρησμὸς
740 2335 843 2408 οὐκέτ’
871 2340 907 2407 ἐκ
928 2340 1145 2425 καλυμμάτων
1168 2339 1262 2408 ἔσται

159 2443 322 2535 δεδορκώς
346 2445 531 2527 „oraculum
553 2464 660 2508 meum
680 2464 746 2509 non
763 2429 833 2528 iam
851 2447 943 2529 quasi
958 2446 1122 2510 conditum
1136 2447 1194 2513 sub
1210 2459 1262 2510 νο·

161 2551 335 2616 luminibus
358 2563 398 2613 ex
420 2548 459 2611 iis
481 2547 661 2630 prospiciet,
687 2546 814 2627 „hinter
832 2586 868 2596 -
886 2547 1030 2612 herucr.“
1054 2547 1110 2632 (cf.
1135 2547 1264 2613 Schnei-

161 2652 239 2719 oew.
264 2652 306 2716 ad
328 2673 357 2713 v.
385 2653 482 2728 11373
519 2648 671 2713 nothum
694 2649 735 2713 ad
758 2672 786 2714 v.
814 2655 923 2730 roera
962 2649 1071 2734 Suppl.
1089 2637 1158 2714 ’τοο
1180 2649 1262 2736 κρέ-

161 2772 263 2819 norror
297 2745 326 2816 δ’
355 2743 468 2838 ἄνδρες
497 2747 585 2815 νάϊοι
616 2745 828 2834 μελαγχίμοις
853 2747 974 2835 γυίοισι
999 2751 1120 2816 λεικιῦν
1141 2749 1177 2816 ἐκ
1199 2775 1262 2817 πε·

160 2851 347 2938 ντλωμάτιον
379 2845 461 2918 ἰδεῖν
497 2852 608 2937 „nigra
636 2853 853 2938 Aegyptorum
882 2854 1027 2920 membra
1056 2856 1195 2920 emicant
1221 2877 1261 2921 ex

163 2959 244 3024 albis
265 2958 415 3037 restibus,
438 2976 478 3021 ea
500 2956 630 3034 scilicet,
652 2978 735 3039 quae
755 2962 843 3021 veste
867 2957 991 3022 nudata
1012 2961 1124 3038 sunt“;
1148 2955 1183 3022 ἐκ
1204 2958 1262 3042 igi-

162 3064 216 3124 tur
238 3063 286 3122 est
309 3074 386 3138 „aus
400 3097 443 3107 -
459 3052 603 3122 hervor.“
649 3058 708 3143 Ag.
733 3064 795 3124 690
817 3056 853 3124 ἐκ
874 3054 1155 3146 antonomasiam
1176 3082 1261 3146 προ-

162 3155 378 3243 καλυμμάτων
401 3156 541 3226 ἔπλευσε
564 3161 605 3243 (ν.
629 3181 676 3240 οε,
701 3182 783 3244 quae
806 3184 836 3244 p.
855 3166 894 3225 26
916 3161 1108 3244 protulimus
1124 3160 1261 3228 dePers.

161 3264 246 3348 τοο).

245 3361 294 3430 Ex
316 3383 404 3431 more
431 3371 599 3450 poetarum
627 3370 676 3429 est
705 3366 732 3430 si
762 3380 819 3449 pro
847 3366 942 3432 verbo
964 3371 1086 3432 motum
1109 3366 1264 3432 indicanti

161 3469 299 3533 sumitur
320 3468 452 3533 verbum
474 3467 559 3532 idem
581 3467 647 3531 fere
670 3467 874 3552 significans,
911 3470 963 3534 cui
985 3475 1094 3534 tamen
1115 3470 1264 3536 movendi

160 3571 250 3636 notio
272 3572 400 3655 proprie
422 3590 486 3634 non
509 3571 607 3650 inest3
641 3591 699 3634 nos
720 3572 755 3635 in
777 3571 934 3654 ejusmodi
956 3572 1109 3656 exemplis
1130 3592 1264 3658 praepo-

159 3673 307 3738 sitionem
337 3670 373 3737 ἐκ
402 3673 590 3756 plerumque
617 3673 770 3738 vertimus
792 3692 850 3758 per
878 3674 972 3754 „aufu
995 3675 1166 3758 imaginem
1189 3690 1263 3760 poe-

160 3781 212 3838 tae
235 3763 386 3839 delentos.
426 3774 464 3853 ld
486 3795 611 3858 quoque
633 3780 801 3858 poetarum
824 3781 872 3840 est
893 3778 1072 3859 genetivum
1095 3798 1168 3842 cum
1190 3778 1263 3842 sub·

160 3878 298 3942 stantivo
323 3877 462 3961 quodam
486 3877 753 3961 conjungendum,
778 3882 903 3942 utrem
925 3879 975 3942 vel
998 3879 1155 3944 actionem
1171 3881 1262 3961 qnasi

160 3979 260 4044 oculis
283 3979 459 4064 legentium
481 3978 532 4044 vel
554 3980 753 4045 audientium
776 3980 961 4064 subjiciant,
998 3981 1126 4066 explere
1146 4002 1204 4065 per
1226 3978 1262 4044 ἐκ

160 4101 186 4145 ο.
210 4103 280 4166 gen.
311 4081 398 4166 quod
428 4081 574 4146 connecti
603 4079 715 4146 volunt
742 4103 826 4148 nunc
855 4103 927 4147 cum
956 4083 1155 4150 substantivo
1177 4100 1261 4151 nuno
