2856 4776
674 384 713 446 75

149 592 241 636 nemo
263 569 372 647 nescit,
395 563 478 632 κατά
500 567 683 651 saepissime
697 567 838 632 indicare
860 566 1114 650 disjunctionem,
1138 566 1244 631 distri-

144 674 325 749 butionem,
364 670 637 747 dissociationem,
674 674 749 733 ante
777 670 885 734 omnia
912 671 939 734 si
967 669 1173 751 conjunctum
1195 674 1244 732 est

146 795 219 839 oum
241 772 407 851 reflexivis,
431 773 522 837 utin
544 773 647 836 Proin.
668 776 748 835 1013
772 763 919 836 αὐθαδία
941 763 1022 856 αὐτὴ
1045 764 1122 835 καθ’
1145 764 1244 856 αὑτήν

147 875 315 959 „superbia
337 896 419 957 quae
442 872 565 938 seclusa
586 873 627 938 ab
651 873 797 938 omnibus
820 874 885 937 suis
903 873 1006 956 >ipsius
1021 877 1147 937 tantum
1171 872 1244 936 viri-

145 978 204 1043 bus
225 977 350 1042 fruitur.
358 981 372 1008 “

228 1079 278 1142 Ex
299 1099 336 1143 eo
359 1099 419 1142 usu
441 1099 504 1160 quo
526 1073 609 1140 κατοί
630 1077 754 1142 indicat
776 1081 898 1140 motum
914 1075 1029 1159 'aliquo
1051 1097 1160 1141 versus
1175 1081 1244 1141 ten-

144 1182 271 1245 dentem
292 1179 385 1244 facile
407 1179 514 1262 prodit
535 1178 724 1261 significatio
746 1179 869 1244 consilii
884 1180 1059 1263 cujusdam,
1076 1180 1246 1262 designans

143 1283 177 1346 id
199 1283 284 1365 quod
302 1287 469 1364 spectatur
491 1285 524 1344 et
545 1281 674 1363 petitur.
720 1281 771 1345 Sic
793 1282 885 1345 Eum.
910 1285 980 1360 689,
1005 1301 1068 1363 quo
1090 1280 1159 1347 loco
1182 1283 1245 1367 legi

144 1384 240 1448 velim
254 1373 360 1470 ἦλθον
381 1380 513 1469 Θησέως
534 1378 617 1446 κατὰ
639 1378 769 1469 φθόρον
793 1387 848 1463 ,ut
868 1383 1038 1467 perderent
1052 1384 1244 1466 Theseum“;

144 1506 283 1567 namque
298 1507 362 1549 non
376 1486 475 1563 sidau,
500 1486 657 1568 quomodo
681 1484 844 1549 commode
867 1484 1020 1568 explicari
1042 1488 1143 1570 possit
1162 1484 1245 1551 κατὰ

144 1581 272 1673 φθόνον
297 1587 437 1666 ,invidia
459 1587 603 1651 ductae.“
628 1623 670 1636 -
701 1587 847 1651 Proxime
869 1587 960 1651 abest
980 1587 1021 1652 ab
1043 1588 1104 1654 hac
1126 1590 1245 1673 signifi-

144 1690 268 1754 catione
290 1689 338 1753 vis
361 1693 525 1772 ,proptcr,
550 1709 663 1768 causa,
686 1690 890 1768 secundum“,
914 1691 1169 1756 convenientiam
1191 1714 1244 1758 ex-

143 1792 284 1874 primens
313 1795 370 1854 aut
402 1791 559 1854 rationem
593 1791 661 1873 ejus
692 1791 739 1854 rei
771 1795 888 1855 notans
917 1812 981 1873 qua
1010 1812 1106 1856 causa
1135 1795 1245 1876 aliqua

144 1894 334 1957 continetur.
393 1893 497 1956 Prom.
522 1896 583 1956 226
618 1885 727 1954 αἰτίαν
760 1885 838 1955 καθ’
860 1886 972 1977 ἥντινα
1005 1886 1164 1972 αἰκίζεταί
1186 1919 1245 1976 μες

145 1995 229 2059 Pers.
248 2000 268 2057 4
289 1988 373 2056 κατὰ
395 1988 573 2077 πρεσβείαν
596 1983 651 2070 οὓς
672 1990 792 2079 Ξέρξης
813 1988 910 2071 αίτός
934 1993 1038 2058 είλετο
1062 2018 1161 2078 „quos
1172 2018 1245 2080 prc-

144 2103 216 2180 pter
242 2101 437 2161 senectutem
467 2096 589 2161 Xerxes
618 2096 750 2180 clegit“;
789 2096 897 2180 Suppl.
928 2101 987 2162 335
1019 2093 1144 2183 πότερα
1175 2091 1245 2163 κατ’
1283 2175 1285 2180 .

145 2192 266 2284 ἐῇρθραν
290 2220 386 2278 ,num
408 2198 589 2277 inimicitia,
619 2198 692 2264 odio
715 2199 748 2262 in
769 2199 929 2282 Aegyptos
951 2206 1144 2280 commota“;
1183 2207 1245 2266 940

145 2296 265 2376 ταύτας
286 2293 423 2377 ἑκούσας
443 2298 503 2382 μὲν
524 2293 594 2364 νιατ>
616 2293 741 2366 είίνοιαν
765 2304 888 2387 φρενῶν
910 2293 1002 2384 ίίγοις
1023 2293 1071 2381 div,
1096 2303 1151 2367 ubi
1173 2324 1249 2367 con-

142 2403 259 2487 jungas
288 2396 371 2465 κατά
401 2423 474 2466 cum
501 2397 637 2480 ἑκούσας
669 2403 871 2483 „obedientes
894 2403 1131 2468 benevolentiae
1154 2410 1187 2469 et
1208 2403 1246 2468 fi-

145 2506 257 2569 duciae
285 2509 416 2583 oausa“;
454 2505 539 2588 Sept.
571 2510 631 2570 819
660 2501 786 2592 ντατρὸς
817 2497 886 2568 κατ’
914 2497 1007 2585 εὐχὰς
1036 2501 1246 2586 δυσπότμοις
1287 2500 1293 2506 ’

146 2601 359 2692 φορούμενοις
382 2606 492 2690 Suppl.
518 2610 576 2670 241
603 2603 685 2671 κατὰ
708 2605 826 2689 νόμους
848 2601 1047 2694 ἅφικτόρων;
1079 2613 1140 2672 390
1163 2603 1246 2672 κατὰ

145 2705 262 2790 νόμους
283 2704 359 2785 τοὺς
381 2701 515 2772 οἴκοθεν
540 2710 731 2789 ,secundum
753 2709 848 2794 leges
870 2713 993 2773 mores“
1013 2712 1050 2790 Ι).

229 2812 393 2877 Postremo
414 2808 498 2903 κατοί
520 2834 546 2876 o.
563 2832 628 2876 acc.
651 2812 736 2895 apud
752 2811 943 2894 Aeschylum
965 2811 1127 2877 notionem
1148 2810 1247 2879 habet

147 2913 372 2992 similitudinis,
397 2915 633 2998 congruentiae,
656 2933 720 2997 qua
742 2934 808 2977 una
828 2934 880 2978 res
902 2934 975 2978 cum
996 2907 1062 2978 alia
1083 2934 1245 2997 compare-

99 3008 104 3022 '
147 3019 200 3078 tur
229 3021 326 3096 atquc
354 3036 426 3079 cum
455 3036 494 3080 ea
522 3036 696 3100 congruere
729 3021 786 3079 aut
822 3016 852 3080 ei
888 3016 1079 3098 respondere
1108 3015 1243 3080 dicatur.

146 3116 250 3180 Prom.
265 3120 327 3180 890
349 3111 383 3180 τί
409 3117 563 3202 κηδεῦσαι
584 3110 662 3181 καθ’
684 3109 799 3180 ἑαατίν
814 3110 975 3202 ἀριστεύει
989 3122 1102 3203 μακρῷ
1126 3117 1245 3197 ,affini-

146 3221 247 3282 tatem
269 3219 455 3284 contrahere
478 3219 538 3283 sibi
561 3239 761 3303 oomparem‚
800 3220 924 3284 ratione
946 3219 1058 3284 habita
1080 3219 1149 3302 ejus
1171 3242 1245 3285 con·

145 3321 284 3399 ditionis,
306 3321 339 3385 in
362 3342 426 3405 qua
447 3321 514 3405 ipsc
536 3321 631 3386 homo
652 3326 832 3400 versatur“;
857 3320 942 3405 Sept.
960 3325 1021 3385 829
1045 3313 1081 3384 οἳ
1098 3314 1167 3407 δῆτ’
1188 3314 1244 3407 ὀρ-

146 3425 218 3496 θῶς
239 3417 309 3485 κατ’
332 3418 520 3505 ἐπωνυμίαν
541 3463 584 3472 -
606 3415 744 3502 ὤλοντο,
781 3423 835 3488 ubi
858 3418 942 3488 κατοί
962 3423 1074 3487 intime
1097 3422 1246 3488 cohaeret

146 3544 218 3588 cum
240 3516 351 3607 ὀρθῶς
374 3526 484 3608 „juste
508 3533 666 3605 accurate,
689 3526 810 3591 scilicet
831 3530 977 3608 respectu
998 3525 1109 3590 habito
1131 3526 1246 3590 ominis

146 3625 231 3710 quod
261 3625 367 3689 inerat
394 3626 427 3689 in
457 3649 566 3694 eorum
588 3629 796 3693 nominibus.“
844 3629 931 3706 Quae
953 3627 1000 3691 vis
1022 3627 1191 3693 debilitata
1213 3634 1246 3692 et

145 3729 255 3793 laxata
278 3749 314 3792 eo
336 3727 482 3810 perducit
508 3737 545 3795 ut
566 3725 648 3794 κατά
676 3730 717 3794 sit
744 3730 807 3809 „ad
836 3729 965 3808 instar“,
1000 3731 1170 3814 praecipue
1198 3731 1246 3795 ita

155 3867 353 3874 m-„

218 3954 237 4020 ¹)
273 3953 334 4008 Huc
352 3956 460 4022 spectat
478 3954 579 4008 locutio
599 3972 706 4023 quoque
724 3955 888 4009 adverbialis
907 3953 965 4006 κατ’
980 3958 1062 4025 ἴσχον
1080 3956 1170 4009 Prom.
1185 3957 1244 4024 212,

123 4045 294 4111 ”synonyma
313 4042 437 4111 sequenti
457 4038 527 4113 πρὸς
545 4039 576 4094 τὸ
594 4037 738 4114 καρτερόν,
759 4044 924 4099 »secundum
943 4043 1013 4112 vim,
1032 4045 1216 4100 violentiam«.
