<?xml version="1.0" encoding="UTF-8"?>
<!DOCTYPE html PUBLIC "-//W3C//DTD XHTML 1.0 Transitional//EN"
    "http://www.w3.org/TR/xhtml1/DTD/xhtml1-transitional.dtd">
<html xmlns="http://www.w3.org/1999/xhtml" xml:lang="en" lang="en">
 <head>
  <title>
</title>
<meta http-equiv="Content-Type" content="text/html;charset=utf-8" />
  <meta name='ocr-system' content='tesseract 3.04.00' />
  <meta name='ocr-capabilities' content='ocr_page ocr_carea ocr_par ocr_line ocrx_word'/>
</head>
<body>
  <div class='ocr_page' id='page_1' title='image "./depraepositionu00menggoog_0084.png"; bbox 0 0 2856 4776; ppageno 0'>
   <div class='ocr_carea' id='block_1_1' title="bbox 689 401 729 464">
    <p class='ocr_par' dir='ltr' id='par_1_1' title="bbox 689 401 729 464">
     <span class='ocr_line' id='line_1_1' title="bbox 689 401 729 464; baseline -0.025 0"><span class='ocrx_word' id='word_1_1' title='bbox 689 401 729 464; x_wconf 82' lang='lat'>79</span> 
     </span>
    </p>
   </div>
   <div class='ocr_carea' id='block_1_2' title="bbox 160 586 1334 1289">
    <p class='ocr_par' dir='ltr' id='par_1_2' title="bbox 160 586 1334 1289">
     <span class='ocr_line' id='line_1_2' title="bbox 160 586 1258 673; baseline -0.005 -18"><span class='ocrx_word' id='word_1_2' title='bbox 160 595 344 673; x_wconf 89' lang='lat' dir='ltr'>corruptum</span> <span class='ocrx_word' id='word_1_3' title='bbox 374 607 441 651; x_wconf 84' lang='lat' dir='ltr'>esse</span> <span class='ocrx_word' id='word_1_4' title='bbox 472 591 504 650; x_wconf 89' lang='lat' dir='ltr'>et</span> <span class='ocrx_word' id='word_1_5' title='bbox 527 586 820 668; x_wconf 64' lang='lat' dir='ltr'>emendandum),</span> <span class='ocrx_word' id='word_1_6' title='bbox 860 592 1006 670; x_wconf 85' lang='lat' dir='ltr'>apertum</span> <span class='ocrx_word' id='word_1_7' title='bbox 1037 594 1093 652; x_wconf 90' lang='lat' dir='ltr'>est.</span> <span class='ocrx_word' id='word_1_8' title='bbox 1142 587 1178 650; x_wconf 90' lang='lat' dir='ltr'>In</span> <span class='ocrx_word' id='word_1_9' title='bbox 1204 587 1258 670; x_wconf 81' lang='lat' dir='ltr'>Ag.</span> 
     </span>
     <span class='ocr_line' id='line_1_3' title="bbox 161 686 1262 773; baseline -0.005 -16"><span class='ocrx_word' id='word_1_10' title='bbox 161 697 232 771; x_wconf 79' lang='lat'>448,</span> <span class='ocrx_word' id='word_1_11' title='bbox 267 694 362 769; x_wconf 81' lang='lat'><strong>11333</strong></span> <span class='ocrx_word' id='word_1_12' title='bbox 393 689 478 771; x_wconf 85' lang='lat' dir='ltr'>Sept.</span> <span class='ocrx_word' id='word_1_13' title='bbox 503 690 579 768; x_wconf 79' lang='lat'>2333</span> <span class='ocrx_word' id='word_1_14' title='bbox 610 686 686 751; x_wconf 77' lang='lat' dir='ltr'>eho.</span> <span class='ocrx_word' id='word_1_15' title='bbox 712 692 771 752; x_wconf 88' lang='grc'>611</span> <span class='ocrx_word' id='word_1_16' title='bbox 803 689 876 754; x_wconf 84' lang='lat' dir='ltr'>libri</span> <span class='ocrx_word' id='word_1_17' title='bbox 899 690 1055 773; x_wconf 78' lang='lat' dir='ltr'><strong>praebent</strong></span> <span class='ocrx_word' id='word_1_18' title='bbox 1077 688 1262 772; x_wconf 88' lang='lat' dir='ltr'>pessumda-</span> 
     </span>
     <span class='ocr_line' id='line_1_4' title="bbox 161 786 1260 874; baseline -0.003 -18"><span class='ocrx_word' id='word_1_19' title='bbox 161 801 227 856; x_wconf 88' lang='lat' dir='ltr'>tam</span> <span class='ocrx_word' id='word_1_20' title='bbox 258 793 391 855; x_wconf 86' lang='lat' dir='ltr'>formam</span> <span class='ocrx_word' id='word_1_21' title='bbox 423 786 477 853; x_wconf 83' lang='grc' dir='ltr'>διά</span> <span class='ocrx_word' id='word_1_22' title='bbox 505 810 600 871; x_wconf 87' lang='lat' dir='ltr'>quam</span> <span class='ocrx_word' id='word_1_23' title='bbox 625 790 694 872; x_wconf 85' lang='lat' dir='ltr'>jain</span> <span class='ocrx_word' id='word_1_24' title='bbox 723 796 937 855; x_wconf 86' lang='lat' dir='ltr'>correxerunt.</span> <span class='ocrx_word' id='word_1_25' title='bbox 982 792 1114 874; x_wconf 79' lang='lat' dir='ltr'>Legitur</span> <span class='ocrx_word' id='word_1_26' title='bbox 1137 786 1206 854; x_wconf 87' lang='grc' dir='ltr'><em>διαί</em></span> <span class='ocrx_word' id='word_1_27' title='bbox 1228 791 1260 853; x_wconf 93' lang='lat' dir='ltr'>in</span> 
     </span>
     <span class='ocr_line' id='line_1_5' title="bbox 162 891 1261 976; baseline -0.004 -18"><span class='ocrx_word' id='word_1_28' title='bbox 162 895 321 958; x_wconf 83' lang='lat' dir='ltr'>codicibus</span> <span class='ocrx_word' id='word_1_29' title='bbox 344 894 399 976; x_wconf 78' lang='lat' dir='ltr'>Ag.</span> <span class='ocrx_word' id='word_1_30' title='bbox 428 896 525 971; x_wconf 79' lang='lat'>14533</span> <span class='ocrx_word' id='word_1_31' title='bbox 566 896 661 972; x_wconf 77' lang='lat'>14853</span> <span class='ocrx_word' id='word_1_32' title='bbox 700 891 777 956; x_wconf 88' lang='lat' dir='ltr'>Cho.</span> <span class='ocrx_word' id='word_1_33' title='bbox 803 897 874 956; x_wconf 85' lang='grc'><strong>641.</strong></span> <span class='ocrx_word' id='word_1_34' title='bbox 920 893 1036 958; x_wconf 85' lang='lat' dir='ltr'>Omnes</span> <span class='ocrx_word' id='word_1_35' title='bbox 1059 893 1261 975; x_wconf 88' lang='lat' dir='ltr'>conjecturae</span> 
     </span>
     <span class='ocr_line' id='line_1_6' title="bbox 163 988 1262 1082; baseline -0.002 -22"><span class='ocrx_word' id='word_1_36' title='bbox 163 996 276 1079; x_wconf 90' lang='lat' dir='ltr'>quibus</span> <span class='ocrx_word' id='word_1_37' title='bbox 304 995 493 1078; x_wconf 77' lang='lat' dir='ltr'>proponitur</span> <span class='ocrx_word' id='word_1_38' title='bbox 522 988 591 1058; x_wconf 88' lang='grc' dir='ltr'><em>διαί</em></span> <span class='ocrx_word' id='word_1_39' title='bbox 614 1015 639 1057; x_wconf 90' lang='lat' dir='ltr'>c.</span> <span class='ocrx_word' id='word_1_40' title='bbox 664 1014 728 1058; x_wconf 89' lang='lat' dir='ltr'>acc.</span> <span class='ocrx_word' id='word_1_41' title='bbox 758 994 844 1058; x_wconf 89' lang='lat' dir='ltr'>illico</span> <span class='ocrx_word' id='word_1_42' title='bbox 874 995 1065 1082; x_wconf 80' lang='lat' dir='ltr'>rejiciendae</span> <span class='ocrx_word' id='word_1_43' title='bbox 1082 997 1120 1075; x_wconf 82' lang='lat'>2).</span> <span class='ocrx_word' id='word_1_44' title='bbox 1166 993 1262 1058; x_wconf 85' lang='lat' dir='ltr'>Haud</span> 
     </span>
     <span class='ocr_line' id='line_1_7' title="bbox 162 1095 1263 1180; baseline -0.003 -19"><span class='ocrx_word' id='word_1_45' title='bbox 162 1097 339 1180; x_wconf 89' lang='lat' dir='ltr'>spernenda</span> <span class='ocrx_word' id='word_1_46' title='bbox 360 1103 409 1160; x_wconf 90' lang='lat' dir='ltr'>est</span> <span class='ocrx_word' id='word_1_47' title='bbox 430 1097 525 1159; x_wconf 89' lang='lat' dir='ltr'>lectio</span> <span class='ocrx_word' id='word_1_48' title='bbox 549 1117 646 1178; x_wconf 88' lang='lat' dir='ltr'>quam</span> <span class='ocrx_word' id='word_1_49' title='bbox 669 1095 850 1160; x_wconf 88' lang='lat' dir='ltr'>Wunderus</span> <span class='ocrx_word' id='word_1_50' title='bbox 874 1097 932 1176; x_wconf 83' lang='lat' dir='ltr'>„de</span> <span class='ocrx_word' id='word_1_51' title='bbox 949 1096 1095 1179; x_wconf 77' lang='lat' dir='ltr'>Aeschyli</span> <span class='ocrx_word' id='word_1_52' title='bbox 1111 1096 1263 1160; x_wconf 89' lang='lat' dir='ltr'>Eumeni-</span> 
     </span>
     <span class='ocr_line' id='line_1_8' title="bbox 161 1193 1334 1289; baseline -0.001 -27"><span class='ocrx_word' id='word_1_53' title='bbox 161 1199 272 1264; x_wconf 76' lang='grc' dir='ltr'>δίῖιιιειι</span> <span class='ocrx_word' id='word_1_54' title='bbox 300 1220 331 1280; x_wconf 92' lang='lat' dir='ltr'>p.</span> <span class='ocrx_word' id='word_1_55' title='bbox 360 1202 397 1260; x_wconf 83' lang='lat'>21</span> <span class='ocrx_word' id='word_1_56' title='bbox 431 1197 665 1261; x_wconf 88' lang='lat' dir='ltr'>commendavit</span> <span class='ocrx_word' id='word_1_57' title='bbox 694 1197 744 1262; x_wconf 91' lang='lat' dir='ltr'>ad.</span> <span class='ocrx_word' id='word_1_58' title='bbox 775 1219 803 1263; x_wconf 88' lang='lat' dir='ltr'>v.</span> <span class='ocrx_word' id='word_1_59' title='bbox 833 1203 892 1262; x_wconf 81' lang='grc'>491</span> <span class='ocrx_word' id='word_1_60' title='bbox 924 1193 1017 1276; x_wconf 80' lang='grc' dir='ltr'><strong><em>δίκας</em></strong></span> <span class='ocrx_word' id='word_1_61' title='bbox 1045 1196 1115 1263; x_wconf 85' lang='grc' dir='ltr'><em>διαὶ</em></span> <span class='ocrx_word' id='word_1_62' title='bbox 1143 1193 1261 1280; x_wconf 79' lang='grc' dir='ltr'><em>βλάβα,</em></span> <span class='ocrx_word' id='word_1_63' title='bbox 1331 1284 1334 1289; x_wconf 11' lang='grc' dir='ltr'><strong><em>ἡ</em></strong></span> 
     </span>
    </p>
   </div>
   <div class='ocr_carea' id='block_1_3' title="bbox 55 1299 1262 1382">
    <p class='ocr_par' dir='ltr' id='par_1_3' title="bbox 55 1299 1262 1382">
     <span class='ocr_line' id='line_1_9' title="bbox 55 1299 1262 1382; baseline 0.001 -19"><span class='ocrx_word' id='word_1_64' title='bbox 55 1331 58 1335; x_wconf 90' lang='grc'>·</span> <span class='ocrx_word' id='word_1_65' title='bbox 161 1301 287 1364; x_wconf 82' lang='lat' dir='ltr'>etiamsi</span> <span class='ocrx_word' id='word_1_66' title='bbox 320 1305 408 1364; x_wconf 87' lang='lat' dir='ltr'>certa</span> <span class='ocrx_word' id='word_1_67' title='bbox 441 1320 503 1363; x_wconf 91' lang='lat' dir='ltr'>non</span> <span class='ocrx_word' id='word_1_68' title='bbox 534 1305 582 1362; x_wconf 90' lang='lat' dir='ltr'>est</span> <span class='ocrx_word' id='word_1_69' title='bbox 616 1319 653 1364; x_wconf 88' lang='lat' dir='ltr'>ac</span> <span class='ocrx_word' id='word_1_70' title='bbox 685 1299 819 1364; x_wconf 87' lang='lat' dir='ltr'>fortasse</span> <span class='ocrx_word' id='word_1_71' title='bbox 848 1321 888 1363; x_wconf 89' lang='lat' dir='ltr'>ne</span> <span class='ocrx_word' id='word_1_72' title='bbox 916 1301 1095 1365; x_wconf 86' lang='lat' dir='ltr'>necessaria</span> <span class='ocrx_word' id='word_1_73' title='bbox 1125 1300 1262 1382; x_wconf 89' lang='lat' dir='ltr'>quidem,</span> 
     </span>
    </p>
   </div>
   <div class='ocr_carea' id='block_1_4' title="bbox 161 1400 1264 1690">
    <p class='ocr_par' dir='ltr' id='par_1_4' title="bbox 161 1400 1264 1690">
     <span class='ocr_line' id='line_1_10' title="bbox 161 1400 1262 1486; baseline 0.001 -21"><span class='ocrx_word' id='word_1_74' title='bbox 161 1423 258 1484; x_wconf 87' lang='lat' dir='ltr'>quum</span> <span class='ocrx_word' id='word_1_75' title='bbox 275 1401 372 1465; x_wconf 89' lang='lat' dir='ltr'>verba</span> <span class='ocrx_word' id='word_1_76' title='bbox 387 1401 508 1465; x_wconf 84' lang='lat' dir='ltr'>tradita</span> <span class='ocrx_word' id='word_1_77' title='bbox 525 1400 737 1483; x_wconf 79' lang='lat' dir='ltr'>explicatione</span> <span class='ocrx_word' id='word_1_78' title='bbox 752 1423 816 1466; x_wconf 91' lang='lat' dir='ltr'>non</span> <span class='ocrx_word' id='word_1_79' title='bbox 837 1409 959 1486; x_wconf 82' lang='lat' dir='ltr'>egeant.</span> <span class='ocrx_word' id='word_1_80' title='bbox 1001 1402 1048 1466; x_wconf 84' lang='lat' dir='ltr'>ef.</span> <span class='ocrx_word' id='word_1_81' title='bbox 1066 1403 1164 1466; x_wconf 87' lang='lat' dir='ltr'>etiam</span> <span class='ocrx_word' id='word_1_82' title='bbox 1181 1403 1262 1468; x_wconf 83' lang='lat' dir='ltr'>Zeit-</span> 
     </span>
     <span class='ocr_line' id='line_1_11' title="bbox 162 1503 1263 1586; baseline 0 -19"><span class='ocrx_word' id='word_1_83' title='bbox 162 1504 243 1567; x_wconf 88' lang='lat' dir='ltr'>seln.</span> <span class='ocrx_word' id='word_1_84' title='bbox 274 1503 296 1566; x_wconf 81' lang='lat' dir='ltr'>s.</span> <span class='ocrx_word' id='word_1_85' title='bbox 327 1504 473 1567; x_wconf 82' lang='lat' dir='ltr'>dstreich.</span> <span class='ocrx_word' id='word_1_86' title='bbox 505 1503 697 1586; x_wconf 87' lang='lat' dir='ltr'>Gymnasicn</span> <span class='ocrx_word' id='word_1_87' title='bbox 729 1509 757 1584; x_wconf 86' lang='lat'>9,</span> <span class='ocrx_word' id='word_1_88' title='bbox 789 1508 866 1584; x_wconf 75' lang='lat'>6423</span> <span class='ocrx_word' id='word_1_89' title='bbox 905 1504 1099 1568; x_wconf 86' lang='lat' dir='ltr'>Heimsoeth.</span> <span class='ocrx_word' id='word_1_90' title='bbox 1129 1525 1159 1586; x_wconf 90' lang='lat' dir='ltr'>p.</span> <span class='ocrx_word' id='word_1_91' title='bbox 1195 1508 1263 1584; x_wconf 83' lang='grc'><strong>198,</strong></span> 
     </span>
     <span class='ocr_line' id='line_1_12' title="bbox 163 1605 1264 1690; baseline 0 -20"><span class='ocrx_word' id='word_1_92' title='bbox 163 1610 226 1670; x_wconf 85' lang='grc'>350</span> <span class='ocrx_word' id='word_1_93' title='bbox 248 1612 280 1668; x_wconf 90' lang='lat' dir='ltr'>et</span> <span class='ocrx_word' id='word_1_94' title='bbox 302 1605 414 1685; x_wconf 83' lang='lat' dir='ltr'>„indin</span> <span class='ocrx_word' id='word_1_95' title='bbox 438 1605 586 1671; x_wconf 83' lang='lat' dir='ltr'>Ucberl.“</span> <span class='ocrx_word' id='word_1_96' title='bbox 608 1629 639 1689; x_wconf 93' lang='lat' dir='ltr'>p.</span> <span class='ocrx_word' id='word_1_97' title='bbox 662 1611 720 1670; x_wconf 89' lang='grc'>149</span> <span class='ocrx_word' id='word_1_98' title='bbox 744 1611 802 1670; x_wconf 86' lang='lat' dir='ltr'>etc.</span> <span class='ocrx_word' id='word_1_99' title='bbox 828 1645 868 1653; x_wconf 91' lang='lat'>——</span> <span class='ocrx_word' id='word_1_100' title='bbox 906 1607 1124 1690; x_wconf 85' lang='lat' dir='ltr'>Anastrophes</span> <span class='ocrx_word' id='word_1_101' title='bbox 1153 1607 1264 1689; x_wconf 87' lang='lat' dir='ltr'>utique</span> 
     </span>
    </p>
   </div>
   <div class='ocr_carea' id='block_1_5' title="bbox 161 1702 1396 1792">
    <p class='ocr_par' dir='ltr' id='par_1_5' title="bbox 161 1702 1396 1792">
     <span class='ocr_line' id='line_1_13' title="bbox 161 1702 1396 1792; baseline -0.002 -20"><span class='ocrx_word' id='word_1_102' title='bbox 161 1709 300 1772; x_wconf 88' lang='lat' dir='ltr'>immune</span> <span class='ocrx_word' id='word_1_103' title='bbox 323 1729 390 1772; x_wconf 89' lang='lat' dir='ltr'>esse</span> <span class='ocrx_word' id='word_1_104' title='bbox 410 1702 465 1772; x_wconf 84' lang='grc' dir='ltr'>διά</span> <span class='ocrx_word' id='word_1_105' title='bbox 488 1729 643 1772; x_wconf 90' lang='lat' dir='ltr'>consensu</span> <span class='ocrx_word' id='word_1_106' title='bbox 667 1709 808 1773; x_wconf 90' lang='lat' dir='ltr'>omnium</span> <span class='ocrx_word' id='word_1_107' title='bbox 824 1709 1105 1792; x_wconf 83' lang='lat' dir='ltr'>grammaticorum</span> <span class='ocrx_word' id='word_1_108' title='bbox 1120 1714 1263 1772; x_wconf 89' lang='lat' dir='ltr'>veterum</span> <span class='ocrx_word' id='word_1_109' title='bbox 1312 1735 1317 1745; x_wconf 69' lang='lat'>=</span> <span class='ocrx_word' id='word_1_110' title='bbox 1392 1728 1396 1736; x_wconf 91' lang='lat'>·</span> 
     </span>
    </p>
   </div>
   <div class='ocr_carea' id='block_1_6' title="bbox 161 1808 1272 3221">
    <p class='ocr_par' dir='ltr' id='par_1_6' title="bbox 161 1808 1265 2707">
     <span class='ocr_line' id='line_1_14' title="bbox 161 1808 1261 1892; baseline -0.001 -20"><span class='ocrx_word' id='word_1_111' title='bbox 161 1811 316 1890; x_wconf 89' lang='lat' dir='ltr'>traditur;</span> <span class='ocrx_word' id='word_1_112' title='bbox 355 1810 394 1873; x_wconf 85' lang='lat' dir='ltr'>ef.</span> <span class='ocrx_word' id='word_1_113' title='bbox 418 1808 573 1873; x_wconf 86' lang='lat' dir='ltr'>Ellendtii</span> <span class='ocrx_word' id='word_1_114' title='bbox 603 1810 663 1873; x_wconf 89' lang='lat' dir='ltr'>lex.</span> <span class='ocrx_word' id='word_1_115' title='bbox 688 1810 712 1873; x_wconf 92' lang='lat' dir='ltr'>I.</span> <span class='ocrx_word' id='word_1_116' title='bbox 742 1816 774 1892; x_wconf 87' lang='lat' dir='ltr'>p.</span> <span class='ocrx_word' id='word_1_117' title='bbox 799 1815 876 1890; x_wconf 78' lang='lat'>4213</span> <span class='ocrx_word' id='word_1_118' title='bbox 914 1811 1031 1892; x_wconf 84' lang='lat' dir='ltr'>Krueg.</span> <span class='ocrx_word' id='word_1_119' title='bbox 1056 1810 1081 1873; x_wconf 93' lang='grc' dir='ltr'>Ι.</span> <span class='ocrx_word' id='word_1_120' title='bbox 1106 1815 1135 1889; x_wconf 81' lang='grc'>9,</span> <span class='ocrx_word' id='word_1_121' title='bbox 1161 1814 1208 1888; x_wconf 83' lang='grc'>11,</span> <span class='ocrx_word' id='word_1_122' title='bbox 1233 1812 1261 1873; x_wconf 88' lang='lat'>3.</span> 
     </span>
     <span class='ocr_line' id='line_1_15' title="bbox 164 1911 1263 1995; baseline -0.001 -20"><span class='ocrx_word' id='word_1_123' title='bbox 164 1912 268 1990; x_wconf 78' lang='lat' dir='ltr'>Quare</span> <span class='ocrx_word' id='word_1_124' title='bbox 292 1911 483 1991; x_wconf 72' lang='lat' dir='ltr'>Dindorfius</span> <span class='ocrx_word' id='word_1_125' title='bbox 507 1913 720 1992; x_wconf 81' lang='lat' dir='ltr'>Hermannus‚</span> <span class='ocrx_word' id='word_1_126' title='bbox 744 1911 799 1975; x_wconf 87' lang='lat' dir='ltr'>alii</span> <span class='ocrx_word' id='word_1_127' title='bbox 823 1933 885 1975; x_wconf 89' lang='lat' dir='ltr'>non</span> <span class='ocrx_word' id='word_1_128' title='bbox 906 1918 991 1975; x_wconf 87' lang='lat' dir='ltr'>recte</span> <span class='ocrx_word' id='word_1_129' title='bbox 1014 1912 1211 1995; x_wconf 90' lang='lat' dir='ltr'>scripserunt</span> <span class='ocrx_word' id='word_1_130' title='bbox 1229 1911 1263 1974; x_wconf 86' lang='lat' dir='ltr'>in</span> 
     </span>
     <span class='ocr_line' id='line_1_16' title="bbox 163 2003 1263 2099; baseline 0.001 -22"><span class='ocrx_word' id='word_1_131' title='bbox 163 2003 248 2097; x_wconf 80' lang='lat' dir='ltr'>Sept.</span> <span class='ocrx_word' id='word_1_132' title='bbox 272 2019 334 2078; x_wconf 80' lang='lat'>206</span> <span class='ocrx_word' id='word_1_133' title='bbox 358 2009 528 2099; x_wconf 79' lang='grc' dir='ltr'><em>πηδαλίων</em></span> <span class='ocrx_word' id='word_1_134' title='bbox 552 2008 624 2094; x_wconf 66' lang='grc' dir='ltr'><em>δίας</em></span> <span class='ocrx_word' id='word_1_135' title='bbox 661 2013 717 2096; x_wconf 83' lang='lat' dir='ltr'>Ag.</span> <span class='ocrx_word' id='word_1_136' title='bbox 742 2017 804 2077; x_wconf 83' lang='lat'>590</span> <span class='ocrx_word' id='word_1_137' title='bbox 826 2017 1021 2099; x_wconf 76' lang='grc' dir='ltr'><em>φρυκτωρῶν</em></span> <span class='ocrx_word' id='word_1_138' title='bbox 1043 2008 1108 2077; x_wconf 85' lang='grc' dir='ltr'><em>δία.</em></span> <span class='ocrx_word' id='word_1_139' title='bbox 1153 2013 1263 2096; x_wconf 85' lang='lat' dir='ltr'>Neque</span> 
     </span>
     <span class='ocr_line' id='line_1_17' title="bbox 163 2107 1264 2199; baseline 0.002 -21"><span class='ocrx_word' id='word_1_140' title='bbox 163 2116 195 2179; x_wconf 92' lang='lat' dir='ltr'>id</span> <span class='ocrx_word' id='word_1_141' title='bbox 216 2116 415 2199; x_wconf 88' lang='lat' dir='ltr'>probandum</span> <span class='ocrx_word' id='word_1_142' title='bbox 444 2122 492 2180; x_wconf 90' lang='lat' dir='ltr'>est</span> <span class='ocrx_word' id='word_1_143' title='bbox 520 2116 604 2199; x_wconf 90' lang='lat' dir='ltr'>quod</span> <span class='ocrx_word' id='word_1_144' title='bbox 627 2107 670 2179; x_wconf 76' lang='grc' dir='ltr'>δί’</span> <span class='ocrx_word' id='word_1_145' title='bbox 690 2115 886 2197; x_wconf 85' lang='lat' dir='ltr'>scripserunt</span> <span class='ocrx_word' id='word_1_146' title='bbox 908 2117 934 2179; x_wconf 86' lang='lat' dir='ltr'>si</span> <span class='ocrx_word' id='word_1_147' title='bbox 957 2116 1155 2182; x_wconf 88' lang='lat' dir='ltr'>substantive</span> <span class='ocrx_word' id='word_1_148' title='bbox 1178 2121 1264 2199; x_wconf 86' lang='lat' dir='ltr'>pest·</span> 
     </span>
     <span class='ocr_line' id='line_1_18' title="bbox 162 2206 1265 2304; baseline -0.001 -22"><span class='ocrx_word' id='word_1_149' title='bbox 162 2218 267 2300; x_wconf 71' lang='lat' dir='ltr'>posita</span> <span class='ocrx_word' id='word_1_150' title='bbox 289 2225 338 2282; x_wconf 90' lang='lat' dir='ltr'>est</span> <span class='ocrx_word' id='word_1_151' title='bbox 359 2219 553 2302; x_wconf 75' lang='lat' dir='ltr'>praepositio</span> <span class='ocrx_word' id='word_1_152' title='bbox 576 2241 597 2280; x_wconf 93' lang='grc' dir='ltr'><em>α</em></span> <span class='ocrx_word' id='word_1_153' title='bbox 619 2218 708 2281; x_wconf 89' lang='lat' dir='ltr'>finali</span> <span class='ocrx_word' id='word_1_154' title='bbox 731 2217 816 2297; x_wconf 83' lang='lat' dir='ltr'>eliso,</span> <span class='ocrx_word' id='word_1_155' title='bbox 841 2225 878 2283; x_wconf 86' lang='lat' dir='ltr'>ut</span> <span class='ocrx_word' id='word_1_156' title='bbox 901 2220 933 2282; x_wconf 91' lang='lat' dir='ltr'>iu</span> <span class='ocrx_word' id='word_1_157' title='bbox 956 2217 1147 2302; x_wconf 62' lang='lat' dir='ltr'>Supplx254</span> <span class='ocrx_word' id='word_1_158' title='bbox 1170 2206 1208 2304; x_wconf 78' lang='grc' dir='ltr'>ἧς</span> <span class='ocrx_word' id='word_1_159' title='bbox 1223 2210 1265 2281; x_wconf 76' lang='grc' dir='ltr'>δί’</span> 
     </span>
     <span class='ocr_line' id='line_1_19' title="bbox 164 2314 1264 2406; baseline 0.002 -25"><span class='ocrx_word' id='word_1_160' title='bbox 164 2314 268 2403; x_wconf 74' lang='grc' dir='ltr'><em>ἁγνός.</em></span> <span class='ocrx_word' id='word_1_161' title='bbox 291 2359 334 2370; x_wconf 86' lang='lat'><em>-</em></span> <span class='ocrx_word' id='word_1_162' title='bbox 361 2321 488 2385; x_wconf 86' lang='lat' dir='ltr'>Tmesin</span> <span class='ocrx_word' id='word_1_163' title='bbox 510 2322 609 2386; x_wconf 87' lang='lat' dir='ltr'>habes</span> <span class='ocrx_word' id='word_1_164' title='bbox 630 2322 664 2385; x_wconf 92' lang='lat' dir='ltr'>in</span> <span class='ocrx_word' id='word_1_165' title='bbox 686 2320 772 2403; x_wconf 82' lang='lat' dir='ltr'>Sept.</span> <span class='ocrx_word' id='word_1_166' title='bbox 798 2325 858 2384; x_wconf 86' lang='grc'>789</span> <span class='ocrx_word' id='word_1_167' title='bbox 882 2317 937 2384; x_wconf 89' lang='grc' dir='ltr'>διδ</span> <span class='ocrx_word' id='word_1_168' title='bbox 958 2317 1027 2406; x_wconf 77' lang='grc' dir='ltr'>χερὶ</span> <span class='ocrx_word' id='word_1_169' title='bbox 1049 2318 1133 2383; x_wconf 78' lang='grc' dir='ltr'><em>ποτὲ</em></span> <span class='ocrx_word' id='word_1_170' title='bbox 1155 2320 1264 2400; x_wconf 82' lang='grc' dir='ltr'>λαχεῖν</span> 
     </span>
     <span class='ocr_line' id='line_1_20' title="bbox 163 2418 1264 2506; baseline 0.002 -22"><span class='ocrx_word' id='word_1_171' title='bbox 163 2424 239 2505; x_wconf 91' lang='lat' dir='ltr'>(quo</span> <span class='ocrx_word' id='word_1_172' title='bbox 261 2421 330 2487; x_wconf 93' lang='lat' dir='ltr'>loco</span> <span class='ocrx_word' id='word_1_173' title='bbox 352 2423 468 2486; x_wconf 89' lang='lat' dir='ltr'>iterum</span> <span class='ocrx_word' id='word_1_174' title='bbox 491 2423 695 2486; x_wconf 88' lang='lat' dir='ltr'>Hermaunus</span> <span class='ocrx_word' id='word_1_175' title='bbox 717 2418 773 2485; x_wconf 85' lang='grc' dir='ltr'>δία</span> <span class='ocrx_word' id='word_1_176' title='bbox 794 2423 913 2506; x_wconf 89' lang='lat' dir='ltr'>injuria</span> <span class='ocrx_word' id='word_1_177' title='bbox 934 2424 1072 2506; x_wconf 83' lang='lat' dir='ltr'>posuit),</span> <span class='ocrx_word' id='word_1_178' title='bbox 1101 2443 1166 2486; x_wconf 88' lang='lat' dir='ltr'>non</span> <span class='ocrx_word' id='word_1_179' title='bbox 1189 2442 1264 2487; x_wconf 87' lang='lat' dir='ltr'>vero</span> 
     </span>
     <span class='ocr_line' id='line_1_21' title="bbox 164 2522 1265 2608; baseline 0.002 -22"><span class='ocrx_word' id='word_1_180' title='bbox 164 2524 196 2586; x_wconf 91' lang='lat' dir='ltr'>in</span> <span class='ocrx_word' id='word_1_181' title='bbox 221 2523 306 2586; x_wconf 87' lang='lat' dir='ltr'>Pers.</span> <span class='ocrx_word' id='word_1_182' title='bbox 331 2528 393 2588; x_wconf 80' lang='lat'>538</span> <span class='ocrx_word' id='word_1_183' title='bbox 422 2524 477 2587; x_wconf 92' lang='lat' dir='ltr'>ubi</span> <span class='ocrx_word' id='word_1_184' title='bbox 501 2525 570 2608; x_wconf 89' lang='lat' dir='ltr'>jam</span> <span class='ocrx_word' id='word_1_185' title='bbox 598 2525 771 2590; x_wconf 89' lang='lat' dir='ltr'>secundum</span> <span class='ocrx_word' id='word_1_186' title='bbox 793 2525 924 2590; x_wconf 90' lang='lat' dir='ltr'>Porsoni</span> <span class='ocrx_word' id='word_1_187' title='bbox 948 2525 1165 2608; x_wconf 81' lang='lat' dir='ltr'>conjecturam</span> <span class='ocrx_word' id='word_1_188' title='bbox 1188 2522 1265 2608; x_wconf 82' lang='lat' dir='ltr'>legi-</span> 
     </span>
     <span class='ocr_line' id='line_1_22' title="bbox 164 2612 836 2707; baseline 0.003 -19"><span class='ocrx_word' id='word_1_189' title='bbox 164 2630 218 2688; x_wconf 88' lang='lat' dir='ltr'>tur</span> <span class='ocrx_word' id='word_1_190' title='bbox 239 2622 477 2707; x_wconf 80' lang='grc' dir='ltr'><em>διαμυδαλέοις.</em></span> <span class='ocrx_word' id='word_1_191' title='bbox 834 2612 836 2617; x_wconf 43' lang='grc'><strong>’</strong></span> 
     </span>
    </p>

    <p class='ocr_par' dir='ltr' id='par_1_7' title="bbox 229 2727 867 2813">
     <span class='ocr_line' id='line_1_23' title="bbox 229 2727 867 2813; baseline 0.002 -21"><span class='ocrx_word' id='word_1_192' title='bbox 229 2733 257 2791; x_wconf 83' lang='lat'>2.</span> <span class='ocrx_word' id='word_1_193' title='bbox 303 2731 354 2792; x_wconf 84' lang='lat' dir='ltr'>De</span> <span class='ocrx_word' id='word_1_194' title='bbox 374 2727 601 2812; x_wconf 76' lang='lat' dir='ltr'>sipnifleationc</span> <span class='ocrx_word' id='word_1_195' title='bbox 621 2729 867 2813; x_wconf 86' lang='lat' dir='ltr'>praepositionis</span> 
     </span>
    </p>

    <p class='ocr_par' dir='ltr' id='par_1_8' title="bbox 165 2830 1272 3221">
     <span class='ocr_line' id='line_1_24' title="bbox 249 2830 1265 2916; baseline 0.002 -20"><span class='ocrx_word' id='word_1_196' title='bbox 249 2837 281 2912; x_wconf 88' lang='lat' dir='ltr'>a)</span> <span class='ocrx_word' id='word_1_197' title='bbox 311 2853 380 2895; x_wconf 78' lang='lat' dir='ltr'>oum</span> <span class='ocrx_word' id='word_1_198' title='bbox 400 2852 471 2913; x_wconf 77' lang='lat' dir='ltr'>pen.</span> <span class='ocrx_word' id='word_1_199' title='bbox 504 2831 702 2914; x_wconf 85' lang='lat' dir='ltr'>conjunctae.</span> <span class='ocrx_word' id='word_1_200' title='bbox 754 2832 810 2896; x_wconf 89' lang='lat' dir='ltr'>Vis</span> <span class='ocrx_word' id='word_1_201' title='bbox 840 2831 994 2916; x_wconf 87' lang='lat' dir='ltr'>primaria</span> <span class='ocrx_word' id='word_1_202' title='bbox 1020 2830 1265 2916; x_wconf 85' lang='lat' dir='ltr'>praepositionis</span> 
     </span>
     <span class='ocr_line' id='line_1_25' title="bbox 165 2929 1264 3018; baseline 0.005 -24"><span class='ocrx_word' id='word_1_203' title='bbox 165 2929 219 2995; x_wconf 84' lang='grc' dir='ltr'>διά</span> <span class='ocrx_word' id='word_1_204' title='bbox 242 2934 386 3016; x_wconf 85' lang='lat' dir='ltr'>genetivo</span> <span class='ocrx_word' id='word_1_205' title='bbox 409 2933 538 2998; x_wconf 86' lang='lat' dir='ltr'>additae</span> <span class='ocrx_word' id='word_1_206' title='bbox 560 2940 608 2997; x_wconf 90' lang='lat' dir='ltr'>est</span> <span class='ocrx_word' id='word_1_207' title='bbox 631 2939 728 3018; x_wconf 83' lang='lat' dir='ltr'>„per“</span> <span class='ocrx_word' id='word_1_208' title='bbox 756 2935 852 3018; x_wconf 89' lang='lat' dir='ltr'>(quae</span> <span class='ocrx_word' id='word_1_209' title='bbox 882 2934 1009 3016; x_wconf 88' lang='lat' dir='ltr'>saepius</span> <span class='ocrx_word' id='word_1_210' title='bbox 1038 2936 1123 3018; x_wconf 91' lang='lat' dir='ltr'>apud</span> <span class='ocrx_word' id='word_1_211' title='bbox 1152 2940 1264 3018; x_wconf 89' lang='lat' dir='ltr'>poetas</span> 
     </span>
     <span class='ocr_line' id='line_1_26' title="bbox 165 3020 1272 3120; baseline 0.006 -25"><span class='ocrx_word' id='word_1_212' title='bbox 165 3020 322 3098; x_wconf 78' lang='lat' dir='ltr'>invenitur</span> <span class='ocrx_word' id='word_1_213' title='bbox 346 3055 442 3117; x_wconf 88' lang='lat' dir='ltr'>quam</span> <span class='ocrx_word' id='word_1_214' title='bbox 465 3035 551 3117; x_wconf 89' lang='lat' dir='ltr'>apud</span> <span class='ocrx_word' id='word_1_215' title='bbox 573 3037 761 3120; x_wconf 87' lang='lat' dir='ltr'>prosarios),</span> <span class='ocrx_word' id='word_1_216' title='bbox 782 3043 819 3101; x_wconf 92' lang='lat' dir='ltr'>ut</span> <span class='ocrx_word' id='word_1_217' title='bbox 840 3037 978 3118; x_wconf 86' lang='lat' dir='ltr'>spatium</span> <span class='ocrx_word' id='word_1_218' title='bbox 1001 3036 1050 3099; x_wconf 88' lang='lat' dir='ltr'>vel</span> <span class='ocrx_word' id='word_1_219' title='bbox 1072 3057 1122 3101; x_wconf 90' lang='lat' dir='ltr'>res</span> <span class='ocrx_word' id='word_1_220' title='bbox 1145 3036 1272 3102; x_wconf 75' lang='lat' dir='ltr'>indice·</span> 
     </span>
     <span class='ocr_line' id='line_1_27' title="bbox 165 3138 1264 3221; baseline 0.006 -23"><span class='ocrx_word' id='word_1_221' title='bbox 165 3140 219 3199; x_wconf 88' lang='lat' dir='ltr'>tur</span> <span class='ocrx_word' id='word_1_222' title='bbox 240 3157 322 3219; x_wconf 88' lang='lat' dir='ltr'>quae</span> <span class='ocrx_word' id='word_1_223' title='bbox 343 3138 516 3217; x_wconf 81' lang='lat' dir='ltr'>transitur3</span> <span class='ocrx_word' id='word_1_224' title='bbox 539 3156 577 3202; x_wconf 88' lang='lat' dir='ltr'>ae</span> <span class='ocrx_word' id='word_1_225' title='bbox 599 3139 726 3221; x_wconf 86' lang='lat' dir='ltr'>quidem</span> <span class='ocrx_word' id='word_1_226' title='bbox 750 3142 785 3220; x_wconf 87' lang='grc' dir='ltr'>α)</span> <span class='ocrx_word' id='word_1_227' title='bbox 808 3138 954 3202; x_wconf 89' lang='lat' dir='ltr'>eomodo</span> <span class='ocrx_word' id='word_1_228' title='bbox 975 3144 1011 3202; x_wconf 93' lang='lat' dir='ltr'>ut</span> <span class='ocrx_word' id='word_1_229' title='bbox 1032 3157 1084 3203; x_wconf 89' lang='lat' dir='ltr'>res</span> <span class='ocrx_word' id='word_1_230' title='bbox 1107 3139 1264 3221; x_wconf 85' lang='lat' dir='ltr'>quaedam</span> 
     </span>
    </p>
   </div>
   <div class='ocr_carea' id='block_1_7' title="bbox 166 3296 368 3306">
    <p class='ocr_par' dir='ltr' id='par_1_9' title="bbox 166 3296 368 3306">
     <span class='ocr_line' id='line_1_28' title="bbox 166 3296 368 3306; baseline 0.015 -4"><span class='ocrx_word' id='word_1_231' title='bbox 166 3296 368 3306; x_wconf 63' lang='lat'><em>————-—--——</em></span> 
     </span>
    </p>
   </div>
   <div class='ocr_carea' id='block_1_8' title="bbox 162 3362 1267 4135">
    <p class='ocr_par' dir='ltr' id='par_1_10' title="bbox 162 3362 1265 3692">
     <span class='ocr_line' id='line_1_29' title="bbox 165 3362 1263 3430; baseline 0.004 -16"><span class='ocrx_word' id='word_1_232' title='bbox 165 3363 270 3430; x_wconf 78' lang='lat' dir='ltr'>buisse;</span> <span class='ocrx_word' id='word_1_233' title='bbox 294 3381 385 3416; x_wconf 85' lang='lat' dir='ltr'>nonne</span> <span class='ocrx_word' id='word_1_234' title='bbox 408 3363 491 3416; x_wconf 88' lang='lat' dir='ltr'>etiam</span> <span class='ocrx_word' id='word_1_235' title='bbox 516 3365 544 3416; x_wconf 91' lang='lat' dir='ltr'>in</span> <span class='ocrx_word' id='word_1_236' title='bbox 568 3364 633 3417; x_wconf 82' lang='lat' dir='ltr'>Cho.</span> <span class='ocrx_word' id='word_1_237' title='bbox 653 3366 705 3416; x_wconf 77' lang='grc'>656</span> <span class='ocrx_word' id='word_1_238' title='bbox 723 3364 752 3417; x_wconf 91' lang='lat' dir='ltr'>in</span> <span class='ocrx_word' id='word_1_239' title='bbox 769 3368 864 3418; x_wconf 85' lang='lat' dir='ltr'>nostro</span> <span class='ocrx_word' id='word_1_240' title='bbox 882 3362 959 3418; x_wconf 85' lang='lat' dir='ltr'>fonte</span> <span class='ocrx_word' id='word_1_241' title='bbox 978 3362 1040 3416; x_wconf 85' lang='grc' dir='ltr'><em>διαί</em></span> <span class='ocrx_word' id='word_1_242' title='bbox 1053 3365 1182 3418; x_wconf 85' lang='lat' dir='ltr'>vitiatum</span> <span class='ocrx_word' id='word_1_243' title='bbox 1202 3362 1263 3418; x_wconf 73' lang='lat' dir='ltr'>est?</span> 
     </span>
     <span class='ocr_line' id='line_1_30' title="bbox 166 3447 1263 3522; baseline 0.003 -21"><span class='ocrx_word' id='word_1_244' title='bbox 166 3449 258 3502; x_wconf 86' lang='lat' dir='ltr'>Etiam</span> <span class='ocrx_word' id='word_1_245' title='bbox 280 3452 397 3504; x_wconf 85' lang='lat' dir='ltr'>Cobetus</span> <span class='ocrx_word' id='word_1_246' title='bbox 421 3453 449 3504; x_wconf 87' lang='lat' dir='ltr'>in</span> <span class='ocrx_word' id='word_1_247' title='bbox 468 3452 601 3506; x_wconf 85' lang='lat' dir='ltr'>Mnemos.</span> <span class='ocrx_word' id='word_1_248' title='bbox 625 3453 658 3506; x_wconf 89' lang='lat' dir='ltr'>X.</span> <span class='ocrx_word' id='word_1_249' title='bbox 681 3471 708 3522; x_wconf 90' lang='lat' dir='ltr'>p.</span> <span class='ocrx_word' id='word_1_250' title='bbox 728 3453 778 3503; x_wconf 78' lang='lat'>344</span> <span class='ocrx_word' id='word_1_251' title='bbox 803 3452 896 3521; x_wconf 89' lang='lat' dir='ltr'>posuit</span> <span class='ocrx_word' id='word_1_252' title='bbox 921 3447 983 3513; x_wconf 82' lang='grc' dir='ltr'><em>διά;</em></span> <span class='ocrx_word' id='word_1_253' title='bbox 1007 3452 1088 3506; x_wconf 84' lang='lat' dir='ltr'>aliter</span> <span class='ocrx_word' id='word_1_254' title='bbox 1106 3451 1263 3506; x_wconf 82' lang='lat' dir='ltr'>Diudorfius</span> 
     </span>
     <span class='ocr_line' id='line_1_31' title="bbox 166 3537 1265 3608; baseline 0.003 -19"><span class='ocrx_word' id='word_1_255' title='bbox 166 3539 228 3592; x_wconf 88' lang='lat' dir='ltr'>add.</span> <span class='ocrx_word' id='word_1_256' title='bbox 247 3539 281 3590; x_wconf 87' lang='lat' dir='ltr'>ad</span> <span class='ocrx_word' id='word_1_257' title='bbox 299 3538 333 3589; x_wconf 89' lang='lat' dir='ltr'>H.</span> <span class='ocrx_word' id='word_1_258' title='bbox 344 3537 513 3605; x_wconf 86' lang='lat' dir='ltr'>Stephanum</span> <span class='ocrx_word' id='word_1_259' title='bbox 531 3541 612 3593; x_wconf 80' lang='lat' dir='ltr'>vol2</span> <span class='ocrx_word' id='word_1_260' title='bbox 631 3557 657 3606; x_wconf 90' lang='lat' dir='ltr'>p.</span> <span class='ocrx_word' id='word_1_261' title='bbox 671 3540 783 3606; x_wconf 81' lang='lat' dir='ltr'>1106B3</span> <span class='ocrx_word' id='word_1_262' title='bbox 802 3539 937 3608; x_wconf 84' lang='lat' dir='ltr'>Sauppius</span> <span class='ocrx_word' id='word_1_263' title='bbox 956 3539 984 3592; x_wconf 92' lang='lat' dir='ltr'>in</span> <span class='ocrx_word' id='word_1_264' title='bbox 1003 3539 1101 3593; x_wconf 91' lang='lat' dir='ltr'>Philol.</span> <span class='ocrx_word' id='word_1_265' title='bbox 1120 3542 1154 3592; x_wconf 82' lang='lat'>20</span> <span class='ocrx_word' id='word_1_266' title='bbox 1172 3557 1198 3608; x_wconf 89' lang='lat' dir='ltr'>p.</span> <span class='ocrx_word' id='word_1_267' title='bbox 1215 3539 1265 3594; x_wconf 81' lang='lat'>172</span> 
     </span>
     <span class='ocr_line' id='line_1_32' title="bbox 162 3625 671 3692; baseline -0.002 -13"><span class='ocrx_word' id='word_1_268' title='bbox 162 3626 364 3692; x_wconf 71' lang='lat' dir='ltr'>judicaverunt,</span> <span class='ocrx_word' id='word_1_269' title='bbox 384 3625 430 3692; x_wconf 90' lang='lat' dir='ltr'>qui</span> <span class='ocrx_word' id='word_1_270' title='bbox 448 3625 509 3676; x_wconf 85' lang='grc' dir='ltr'><em>διαί</em></span> <span class='ocrx_word' id='word_1_271' title='bbox 525 3628 671 3680; x_wconf 86' lang='lat' dir='ltr'>retinuere.</span> 
     </span>
    </p>

    <p class='ocr_par' dir='ltr' id='par_1_11' title="bbox 166 3711 1264 3869">
     <span class='ocr_line' id='line_1_33' title="bbox 239 3711 1264 3783; baseline 0.004 -19"><span class='ocrx_word' id='word_1_272' title='bbox 239 3714 258 3780; x_wconf 84' lang='lat'>¹)</span> <span class='ocrx_word' id='word_1_273' title='bbox 293 3713 366 3765; x_wconf 89' lang='lat' dir='ltr'>Num</span> <span class='ocrx_word' id='word_1_274' title='bbox 384 3712 562 3782; x_wconf 82' lang='lat' dir='ltr'>Bambergeri</span> <span class='ocrx_word' id='word_1_275' title='bbox 584 3717 648 3780; x_wconf 75' lang='grc' dir='ltr'><em>βίον</em></span> <span class='ocrx_word' id='word_1_276' title='bbox 672 3730 707 3766; x_wconf 86' lang='lat' dir='ltr'>an</span> <span class='ocrx_word' id='word_1_277' title='bbox 731 3714 892 3768; x_wconf 84' lang='lat' dir='ltr'>Schwerdtii</span> <span class='ocrx_word' id='word_1_278' title='bbox 911 3713 979 3783; x_wconf 80' lang='grc' dir='ltr'><em>δίχα</em></span> <span class='ocrx_word' id='word_1_279' title='bbox 997 3711 1042 3783; x_wconf 86' lang='lat' dir='ltr'>(cf.</span> <span class='ocrx_word' id='word_1_280' title='bbox 1060 3713 1131 3768; x_wconf 89' lang='lat' dir='ltr'>Mus.</span> <span class='ocrx_word' id='word_1_281' title='bbox 1150 3715 1264 3768; x_wconf 80' lang='lat' dir='ltr'>rhenan.</span> 
     </span>
     <span class='ocr_line' id='line_1_34' title="bbox 166 3799 759 3869; baseline 0.003 -15"><span class='ocrx_word' id='word_1_282' title='bbox 166 3803 213 3855; x_wconf 87' lang='lat' dir='ltr'>XI.</span> <span class='ocrx_word' id='word_1_283' title='bbox 232 3819 258 3869; x_wconf 90' lang='lat' dir='ltr'>p.</span> <span class='ocrx_word' id='word_1_284' title='bbox 272 3801 335 3868; x_wconf 80' lang='lat'>315)</span> <span class='ocrx_word' id='word_1_285' title='bbox 354 3799 564 3868; x_wconf 84' lang='lat' dir='ltr'>praeferendum</span> <span class='ocrx_word' id='word_1_286' title='bbox 582 3803 619 3855; x_wconf 83' lang='lat' dir='ltr'>sit</span> <span class='ocrx_word' id='word_1_287' title='bbox 637 3803 759 3857; x_wconf 87' lang='lat' dir='ltr'>dubium.</span> 
     </span>
    </p>

    <p class='ocr_par' dir='ltr' id='par_1_12' title="bbox 165 3887 1267 4135">
     <span class='ocr_line' id='line_1_35' title="bbox 235 3887 1266 3959; baseline -0.003 -17"><span class='ocrx_word' id='word_1_288' title='bbox 235 3891 258 3958; x_wconf 59' lang='grc' dir='ltr'>Ἰ)</span> <span class='ocrx_word' id='word_1_289' title='bbox 295 3888 334 3942; x_wconf 82' lang='lat' dir='ltr'>Cf.</span> <span class='ocrx_word' id='word_1_290' title='bbox 352 3887 450 3941; x_wconf 89' lang='lat' dir='ltr'>Philol.</span> <span class='ocrx_word' id='word_1_291' title='bbox 469 3889 606 3958; x_wconf 86' lang='lat' dir='ltr'>Supplem.</span> <span class='ocrx_word' id='word_1_292' title='bbox 630 3891 651 3944; x_wconf 91' lang='grc' dir='ltr'>Ι.</span> <span class='ocrx_word' id='word_1_293' title='bbox 671 3909 697 3959; x_wconf 94' lang='lat' dir='ltr'>p.</span> <span class='ocrx_word' id='word_1_294' title='bbox 712 3892 772 3942; x_wconf 84' lang='lat'>549.</span> <span class='ocrx_word' id='word_1_295' title='bbox 807 3889 904 3955; x_wconf 86' lang='lat' dir='ltr'>Itaque</span> <span class='ocrx_word' id='word_1_296' title='bbox 923 3888 1082 3957; x_wconf 85' lang='lat' dir='ltr'>conjectura</span> <span class='ocrx_word' id='word_1_297' title='bbox 1099 3887 1266 3957; x_wconf 81' lang='lat' dir='ltr'>negligenda</span> 
     </span>
     <span class='ocr_line' id='line_1_36' title="bbox 165 3969 1267 4047; baseline -0.002 -17"><span class='ocrx_word' id='word_1_298' title='bbox 165 3978 331 4047; x_wconf 79' lang='lat' dir='ltr'>Emporiiad</span> <span class='ocrx_word' id='word_1_299' title='bbox 344 3976 456 4046; x_wconf 57' lang='lat' dir='ltr'>Agru</span> <span class='ocrx_word' id='word_1_300' title='bbox 475 3975 533 4028; x_wconf 83' lang='grc' dir='ltr'><em>διαὶ</em></span> <span class='ocrx_word' id='word_1_301' title='bbox 552 3980 669 4029; x_wconf 77' lang='grc' dir='ltr'><em>πολιτᾶν</em></span> <span class='ocrx_word' id='word_1_302' title='bbox 685 3980 783 4047; x_wconf 80' lang='grc' dir='ltr'><em>μέλεον</em></span> <span class='ocrx_word' id='word_1_303' title='bbox 801 3969 879 4047; x_wconf 82' lang='grc' dir='ltr'><em>αἷμα,</em></span> <span class='ocrx_word' id='word_1_304' title='bbox 898 3994 979 4046; x_wconf 84' lang='lat' dir='ltr'>quam</span> <span class='ocrx_word' id='word_1_305' title='bbox 998 3975 1220 4032; x_wconf 74' lang='lat' dir='ltr'>Schneidewinus</span> <span class='ocrx_word' id='word_1_306' title='bbox 1239 3978 1267 4029; x_wconf 90' lang='lat' dir='ltr'>et</span> 
     </span>
     <span class='ocr_line' id='line_1_37' title="bbox 165 4065 604 4135; baseline 0 -17"><span class='ocrx_word' id='word_1_307' title='bbox 165 4065 290 4135; x_wconf 80' lang='lat' dir='ltr'>Engerus</span> <span class='ocrx_word' id='word_1_308' title='bbox 309 4070 411 4119; x_wconf 87' lang='lat' dir='ltr'>temere</span> <span class='ocrx_word' id='word_1_309' title='bbox 430 4069 604 4133; x_wconf 84' lang='lat' dir='ltr'>acceperunt.</span> 
     </span>
    </p>
   </div>
   <div class='ocr_carea' id='block_1_9' title="bbox 0 0 1440 4776">
    <p class='ocr_par' dir='ltr' id='par_1_13' title="bbox 0 0 1440 4776">
     <span class='ocr_line' id='line_1_38' title="bbox 0 0 1440 4776; baseline 0 0"><span class='ocrx_word' id='word_1_310' title='bbox 0 0 1440 4776; x_wconf 95' lang='lat' dir='ltr'> </span> 
     </span>
    </p>
   </div>
  </div>
 </body>
</html>
