2856 4776
740 391 797 478 ee,

203 570 403 667 „versabitur
425 577 503 639 ente
524 577 663 654 portae&
686 572 741 637 sed
764 571 844 652 „ibit
865 593 883 636 e
904 572 1014 654 portin,
1038 573 1073 642 in
1096 573 1212 656 quibus
1234 579 1311 644 ante

207 693 368 756 egressum
389 673 525 754 stabat‘,
560 667 671 743 eddom
690 673 762 756 jure
784 673 904 738 dictum
928 679 1060 757 estque
1087 676 1144 759 Ag.
1169 681 1229 743 407
1255 673 1311 747 διὰ

207 774 314 839 πυλᾶν
335 770 459 858 βαίνειν
472 777 505 858 ¹).
519 815 562 825 ·-
583 775 664 843 Cum
686 776 813 847 nomine
836 797 962 859 quoque
986 776 1150 847 hominum
1173 799 1231 860 pro
1254 798 1312 845 nc-

205 878 292 943 mine
313 884 419 943 terrae
440 880 543 962 posito
567 879 771 963 conjungitur
793 875 828 943 έκ
849 899 908 945 nec
931 900 995 944 non
1016 878 1155 944 refertur
1177 879 1219 945 ed
1240 900 1311 944 coe·

205 984 275 1047 tum
297 980 348 1045 vel
370 981 515 1051 ordinem
535 980 701 1047 hominum
724 1001 742 1044 e
764 1002 828 1064 qno
851 982 922 1064 quis
945 981 1087 1046 discedit.
1135 983 1189 1048 Ite
1202 983 1308 1049 Prom.

206 1085 268 1149 579
296 1079 333 1162 ἐξ
351 1080 466 1169 ένέρων
489 1086 592 1169 περᾶν
615 1083 635 1147 i.
660 1103 685 1146 e.
716 1079 752 1163 ἐξ
770 1077 883 1147 Ἅιδου
906 1081 959 1166 (cf.
984 1083 1184 1166 Kruegenum
1206 1083 1230 1147 I.
1257 1088 1308 1162 68,

209 1187 256 1262 17,
279 1187 327 1263 2);
364 1185 449 1254 Pers.
474 1189 536 1250 355
558 1178 637 1272 ἀνὴρ
659 1181 695 1264 ἐξ
707 1177 895 1271 Ἀθηναίων
918 1188 1059 1269 στρατοῦ
1080 1181 1211 1263 elem,-
1247 1186 1307 1268 Ag.

206 1288 268 1351 624
290 1280 369 1373 ἀνὴρ
390 1280 534 1374 άφαντος
557 1284 593 1367 ἐξ
604 1280 772 1367 Ἀχαιϊκοῦ
794 1290 933 1372 στρατοῦ
963 1286 1017 1368 (of.
1040 1286 1141 1366 infra3
1180 1286 1257 1364 Oed.
1280 1309 1307 1351 r.

206 1389 266 1451 831
290 1383 326 1452 ἐκ
348 1392 474 1474 βροτῶν
494 1384 592 1475 βαίην
614 1381 791 1475 άφαντσς);
819 1389 905 1473 Sept.
929 1394 979 1455 40.
1025 1389 1150 1455 Deinde
1170 1390 1210 1454 de
1232 1410 1309 1456 ncu-

204 1487 245 1552 lie
266 1510 283 1553 e
306 1491 421 1572 quibus
442 1491 594 1559 lacrimae
616 1492 667 1556 vel
688 1491 820 1556 obtutus
840 1492 1045 1575 proveniunt3
1084 1491 1160 1556 cho
1188 1495 1249 1572 185
1275 1489 1323 1572 ἐξ

203 1583 358 1671 ὀμμάτων
379 1587 544 1658 πίπτουσι
568 1589 738 1676 σταγόνες;
774 1598 872 1674 1058;
903 1594 995 1659 Eum.
1021 1599 1078 1675 543
1114 1594 1219 1663 Prem.
1245 1599 1308 1663 356

205 1690 241 1772 ἐξ
260 1687 416 1775 ὀμμάτων
438 1687 467 1758 δ’
488 1687 658 1782 ἤστραπτε
679 1690 849 1781 γοργωπὸν
872 1692 987 1775 σέλας,·
1020 1695 1075 1775 (cf.
1098 1716 1172 1761 vero
1195 1695 1307 1781 Suppl.

207 1799 266 1865 199
289 1801 323 1860 et
344 1795 402 1865 snb
425 1787 525 1880 άπό);
559 1839 595 1888 5
634 1798 673 1863 de
703 1798 851 1868 menib'us
879 1820 897 1867 e
926 1797 1042 1881 quibus
1071 1797 1149 1881 quid
1171 1798 1310 1869 sumitur

201 1898 295 1967 Eum.
320 1903 390 1978 779,
414 1902 475 1963 809
499 1886 661 1978 παλαιοὺς
684 1895 803 1981 νόμους
828 1897 863 1965 έκ
885 1903 986 1986 χερῶν
1008 1897 1142 1969 εἵλεσθέ
1162 1923 1244 1982 μους
1265 1939 1308 1950 --

203 2001 242 2065 de
269 2021 323 2066 ore
351 2006 384 2064 et
412 2007 540 2084 pectore
561 2024 580 2068 e
601 2004 716 2086 quitus
738 2023 836 2068 sonus
850 2003 1036 2082 ‘emittitur3
1075 2002 1162 2086 Sept.
1186 2008 1249 2070 864
1271 2002 1310 2068 ἐκ

201 2098 426 2184 βαθυκόλπων
453 2102 617 2190 στηθέων,
655 2099 745 2191 ἥσειν
780 2095 888 2186 άλγος,
909 2105 1078 2187 „querelas
1107 2105 1307 2186 molesme

201 2203 310 2287 Suppl.
335 2209 396 2270 656
420 2202 456 2269 ἐκ
477 2202 648 2289 στομάτων
670 2199 838 2272 comoed
859 2199 952 2286 εὐχάς
986 2211 1062 2287 696;
1099 2207 1157 2290 Ag.
1182 2211 1249 2273 328-
1272 2204 1311 2288 ἐξ

202 2301 376 2393 ἐλευθέρου
398 2306 491 2395 όέρης
512 2302 739 2391 ἀποιμώζουσι
762 2303 929 2394 φιλτάτιον
950 2304 1068 2394 μόρους
1098 2311 1139 2393 (τ.
1163 2330 1201 2377 ea
1223 2330 1310 2392 quae

200 2415 312 2493 postea
339 2410 485 2479 dicentur
512 2412 551 2476 de
581 2412 688 2479 dativo
718 2411 986 2491 instrumentatn
1024 2449 1066 2466 m
1102 2411 1144 2477 de
1169 2411 1262 2480 vultu
1278 2433 1307 2482 e

201 2533 263 2596 quo
292 2533 418 2579 maeror
446 2514 497 2578 vel
528 2514 681 2595 gaudium
708 2512 759 2581 vel
789 2513 846 2583 elii
874 2511 1016 2589 affectus.
1038 2514 1163 2582 elucent
1193 2514 1307 2599 Suppli

203 2619 264 2687 198
292 2610 331 2678 τὸ
358 2611 403 2700 μὴ
426 2610 566 2695 μάταιον
590 2608 619 2678 δ’
643 2611 679 2679 ἐκ
701 2613 1011 2703 σεσωφρονισμένων
1032 2608 1094 2685 ἴτω
1115 2612 1307 2702 προσάντων

202 2717 342 2798 „eniteat
356 2738 374 2781 e
388 2716 507 2797 fecie“;
530 2717 622 2787 Eum.
641 2722 704 2788 990
726 2716 764 2782 έκ
783 2722 848 2787 τῶν.
870 2721 1019 2805 φοβερῶν
1042 2717 1144 2786 τῶνδε
1168 2712 1305 2806 προσώ,-

94 2809 96 2812 ’
199 2839 273 2884 πων
292 2817 375 2903 μέγα
396 2816 510 2904 κέρδος
531 2814 596 2906 ὁριῖ
618 2821 771 2886 audacius
799 2821 929 2904 quidem
957 2822 1033 2904 quie
1054 2820 1186 2891 verbum
1211 2842 1305 2904 pree·

197 2922 387 3006 positionem
408 2942 521 3005 regens
543 2923 645 3002 deest,
683 2921 739 2986 sed
760 2922 948 3005 gravissime
971 2923 1037 2987 diet
1023 2927 1169 2988 tum.
1125 2923 1304 3005 Neque

198 3023 290 3140 lenge
317 3025 408 3090 ebeet
394 3026 464 3090 tie
490 3046 567 3093 unus
596 3045 659 3109 quc
687 3021 724 3088 εἰ
753 3023 905 3092 describit
925 3025 1025 3089 reist
1026 3031 1117 3094 etum
1140 3029 1174 3091 et
1196 3025 1307 3097 condi
1351 3060 1353 3067 s

198 3127 321 3195 cionem
343 3150 360 3192 e
381 3149 447 3212 que
469 3128 546 3211 quid
568 3128 687 3192 secedit
707 3126 758 3197 nel
784 3125 1020 3210 proficiscitur,
1059 3147 1142 3210 quae
1173 3127 1305 3193 tralatio

198 3229 427 3299 facillimnt
379 3237 443 3309 θεῖς
480 3229 519 3294 cf.
543 3230 637 3297 modo
659 3230 764 3297 Prom.
788 3220 886 3293 909
878 3251 914 3306 ος
937 3222 1035 3294 αυτὸν
1057 3226 1093 3295 ἐκ
1114 3223 1303 3315 τυραννίάος

190 3327 326 3417 θρόνων
346 3325 375 3395 τ)
396 3324 511 3398 άϊστσν
533 3329 664 3414 ἐκβαλεῖ
686 3331 741 3396 ubi
766 3331 965 3401 abstractum
981 3337 1014 3399 et
1029 3337 1213 3401 concretum
1229 3353 1306 3395 con-

197 3453 280 3555 nexa
310 3439 398 3513 sunt3
435 3433 521 3503 Pers.
545 3437 604 3497 861
631 3428 742 3501 νόστοι
763 3427 792 3499 d’
816 3429 852 3498 έκ
876 3430 1032 3514 πολέμων
1054 3427 1203 3511 α’πόνσυς
1225 3423 1304 3518 ἆγον

199 3528 324 3617 οίκους,·
345 3529 614 3621 Ag.1625‘n'xew
638 3533 673 3599 ἐκ
694 3531 798 3623 μάχης
823 3535 900 3601 eho.
918 3540 979 3599 535
1003 3531 1075 3616 έξ“
1055 3557 1160 3601 υπνου
1181 3532 1305 3623 έπτοη-

196 3635 316 3725 μένη,
320 3658 469 3705 esomno
492 3643 546 3704 ext
548 3638 656 3708 errite
661 3638 848 3705 “Huct
816 3638 914 3702 etiem
941 3639 1104 3721 pertinent
1090 3639 1305 3707 tloentionee

198 3738 355 3824 quelee‘
339 3764 374 3806 εκ
404 3740 532 3822 δεσμων
553 3736 654 3821 λύειν,
677 3740 779 3821 χαλᾶν
802 3741 906 3807 Prom
935 3744 1004 3821 176,
1028 3745 1100 3822 509,
1125 3747 1202 3822 770;
1240 3745 1304 3806 872

268 3963 289 4031 1)
324 3963 388 4016 Alie
404 3963 496 4031 potius
515 3965 640 4032 exempla
658 3963 757 4019 afferre
775 3964 884 4033 debuit,
904 3968 937 4018 ut
954 3966 1047 4034 Suppl.
1067 3968 1120 4018 949
1139 3968 1254 4037 κομίζου
1275 3966 1306 4026 ἐξ

197 4045 342 4121 ὀθμάῐωω,
363 4049 465 4118 innuo
482 4067 579 4107 revere
596 4051 625 4110 ἐξ
641 4053 733 4111 lecum
752 4052 846 4122 explet
863 4052 988 4107 adverbii
1005 4053 1056 4110 ἔξω
1073 4054 1117 4113 tel
1137 4050 1238 4111 indo
