2842 4778
692 388 730 448 18

158 571 246 656 (Eur.
270 572 387 637 Phoea.
417 573 498 655 126).
552 571 635 634 Num
671 572 871 657 Hartungiue
906 575 1092 639 Karstenius
1125 572 1260 636 Weiliue

154 673 226 755 jure
249 659 471 738 damnaverint
488 673 698 755 compositum
714 671 963 759 προβοολόποις
986 679 1043 759 Ag.
1061 679 1122 739 386
1145 678 1257 757 utpote

158 775 242 857 quod
264 774 437 839 conflatum
465 781 549 838 esset
577 794 593 837 e
624 776 805 840 notionibus
828 795 911 858 quae
934 778 1017 840 coire
1041 798 1105 840 non
1128 779 1259 858 possent

156 895 258 959 neque
289 882 390 940 metro
420 876 617 956 conveniret,
653 877 822 942 admodum
847 876 973 941 difficile
995 883 1045 941 eet
1066 877 1255 959 dijudicata

158 977 218 1043 Per
240 999 272 1041 ee
295 973 545 1063 προβοολόπαις
566 999 629 1042 non
653 978 757 1041 minue
779 999 873 1042 sensu
889 983 977 1042 earet
992 997 1088 1060 quam
1105 976 1170 1039 alia
1185 996 1257 1057 per-

156 1077 258 1142 multa
280 1080 470 1162 composita,
503 1099 584 1161 quae
610 1098 668 1142 nos
690 1079 723 1141 in
748 1083 856 1143 nostro
879 1099 1023 1143 sermone
1045 1077 1165 1141 imitari
1187 1097 1254 1139 om-

156 1179 231 1243 nino
259 1201 324 1244 non
355 1199 535 1263 possumne,
569 1184 604 1243 ut
632 1174 816 1266 οἰνοπάτηρ
845 1179 939 1266 (Cho.
966 1181 1057 1263 315),
1092 1171 1254 1254 αἰνολέων,

156 1274 355 1360 trinominem,
390 1277 607 1362 πλουτόχθων
629 1283 736 1361 (uum.
761 1284 836 1365 947)
860 1282 935 1345 alia.
980 1280 1090 1363 Neque
1120 1280 1152 1344 id
1184 1300 1256 1343 oon-

155 1389 228 1463 stat,
250 1383 341 1448 illam
362 1404 470 1449 vocem
493 1371 594 1448 metro
617 1405 681 1447 uon
698 1384 846 1449 idoneum
860 1405 942 1463 esse3
968 1403 1062 1465 quarn
1077 1382 1256 1465 putaverim

154 1485 265 1550 eodem
283 1487 356 1567 jure
378 1485 506 1550 defendi
529 1506 619 1569 posse
642 1507 704 1568 quo
728 1487 939 1569 impugnetur.

644 1793 768 1855 ΥΠΕΡ.

242 1986 272 2061 1)
294 1981 342 2043 De
354 1981 481 2064 formo.
529 1974 702 2066 ὑπείροχος
724 1982 809 2065 quod
825 1981 986 2046 Medioeus
1000 1981 1135 2065 praebet
1151 1982 1256 2047 Prom.

155 2087 217 2147 428
239 2087 324 2147 recte
355 2088 388 2145 et
409 2082 503 2145 metri
526 2088 559 2146 et
580 2081 701 2146 formae
725 2102 822 2146 eausa
841 2088 1007 2146 mutatum
1029 2085 1132 2147 estin
1154 2077 1257 2168 ὑπέρ-

155 2205 237 2266 οχος.
290 2183 493 2248 Probandum
526 2204 589 2248 nou
620 2184 746 2274 videtur
775 2185 860 2267 quod
890 2182 1082 2249 Ribbeokius
1112 2185 1146 2248 in
1175 2185 1255 2249 Mus.

154 2286 298 2352 Rhenan.
325 2291 372 2365 14,
397 2289 457 2350 627
489 2285 579 2350 illam
608 2285 744 2350 formam
771 2287 909 2351 retinere
937 2286 1061 2350 studuit
1081 2286 1258 2370 permultas

155 2388 284 2455 molitus
306 2388 509 2453 mutationes,
535 2426 574 2435 ..
610 2387 656 2451 De
680 2390 882 2472 anastrophe,
904 2408 1001 2471 quam
1022 2387 1101 2454 haee
1122 2409 1257 2472 praepo·

155 2493 228 2557 sitio
250 2492 386 2575 patitur,
421 2490 636 2574 compluribus
666 2489 743 2554 locis
773 2490 931 2555 dubitatio
963 2511 1031 2555 esee
1062 2490 1188 2575 nequit,
1221 2497 1258 2554 ut

156 2594 259 2658 Prom.
285 2597 342 2672 6ῗ;
376 2592 462 2675 Sept.
490 2598 565 2672 111;
602 2592 693 2656 Eum.
719 2597 797 2666 684,
831 2592 945 2677 quibus
967 2599 1000 2656 et
1022 2593 1257 2658 substantivum

155 2695 299 2779 sequitur
320 2700 353 2760 et
374 2695 407 2759 iu
429 2696 498 2779 ipso
520 2716 629 2759 versuo
650 2692 714 2758 fine
735 2695 929 2778 praepositio
952 2695 1057 2778 posita
1080 2701 1137 2759 est.
1195 2695 1256 2758 Ne-

155 2816 217 2880 que
239 2796 404 2862 dubitatur
426 2797 699 2881 descripturum
721 2796 779 2880 Ag.
799 2800 859 2860 302
883 2791 998 2880 λίμνην
1022 2788 1051 2859 δ’
1065 2790 1150 2881 ὑπὲρ
1173 2799 1257 2881 Γορ-

154 2900 261 2982 priam
283 2899 359 2982 quia
380 2895 418 2962 δέ
445 2898 667 2982 interpositum
690 2903 739 2962 est
760 2904 793 2961 et
815 2899 901 2962 notio
924 2898 1080 2981 primaria
1101 2897 1255 2980 sequitur.

157 2998 276 3065 Contra
297 3000 329 3063 iu
352 3000 457 3064 Prom.
481 3004 521 3064 66
544 3006 577 3065 et
599 3003 656 3084 Ag.
681 3003 742 3064 365
766 2999 956 3082 ambigitur3
987 3000 1043 3064 sed
1065 3004 1188 3064 eertum
1209 3004 1258 3063 ost

155 3101 211 3167 illo
233 3102 302 3168 loco
322 3095 422 3187 ὕπερ,
454 3101 513 3167 6οο
542 3095 625 3188 ὑπέρ
650 3101 832 3186 ponendum
854 3123 931 3166 esse.
984 3103 1028 3166 Ao
1051 3122 1089 3166 ne
1112 3102 1146 3167 in
1169 3102 1254 3166 Pero.

159 3207 219 3268 100
240 3203 386 3288 quidem,
408 3204 462 3269 ubi
484 3199 568 3290 ὑπέρ
590 3206 683 3269 tmesi
707 3209 889 3288 separatum
914 3209 963 3269 eet
984 3224 1003 3266 a
1024 3203 1136 3283 verbo,
1165 3210 1258 3268 tonus

155 3311 241 3370 retro
263 3306 356 3370 cedat
376 3325 503 3370 necesse
525 3312 574 3370 oet
596 3306 648 3390 (of.
674 3306 783 3389 infra).

241 3407 277 3490 2)
300 3406 347 3471 De
369 3405 596 3492 ayoffleatioae
617 3407 862 3492 praepositionis

241 3509 277 3594 a)
306 3530 379 3574 eum
407 3511 552 3594 genetivo
580 3510 779 3592 conjunctae.
824 3503 908 3596 ὑπέρ
938 3509 1091 3575 terdecies
1120 3510 1257 3574 seeundo

155 3612 244 3677 casui
261 3611 405 3676 additum
423 3618 456 3690 α)
474 3611 572 3677 habet
587 3614 650 3676 vim
672 3611 816 3690 localem,
838 3611 984 3677 indicano
1001 3612 1123 3695 aliquid
1144 3611 1257 3675 altiore

156 3713 225 3780 loeo
253 3715 372 3779 versari
402 3715 519 3793 altero,
552 3714 636 3797 quod
665 3721 697 3780 ot
726 3715 767 3779 ad
797 3719 918 3779 statum
947 3714 1137 3797 quieseuntie
1160 3712 1256 3778 etad

157 3824 277 3882 motum
308 3816 484 3881 incedentis
512 3815 787 3880 accommodatum
817 3821 875 3879 est.
924 3816 1044 3881 Verum
1071 3835 1134 3878 non
1164 3815 1258 3878 modo

157 3917 315 4003 signifieat
336 3938 449 3999 „super
470 3939 493 3983 s.
518 3939 615 4001 supra
637 3917 812 4000 (obertate,
846 3918 920 3980 abar
941 3917 1042 4000 iria)“,
1081 3917 1137 3981 sed
1160 3917 1257 3981 etiam

159 4025 368 4105 (quamquam
397 4021 502 4086 rarius
528 4028 561 4084 et
587 4021 688 4104 magis
709 4019 796 4103 apud
821 4025 947 4104 poetae)
973 4018 1079 4099 „ultra
1106 4019 1194 4101 (uber
1215 4054 1258 4066 -
