2856 4776
700 386 740 464 aa

165 570 217 635 cul
235 591 260 634 a
282 571 422 636 nivibus“
442 576 480 635 ot
495 573 552 655 Ag.
570 575 633 636 999
654 561 714 634 ἀπ’
736 566 817 651 ἐμᾶς
840 564 976 647 ἐλπίδος
994 575 1029 651 ¹).
1069 569 1266 639 Monstrosae

154 651 408 758 'explicationes.‚
430 694 511 756 quas
530 673 677 738 nonnulli
698 672 835 736 editores
855 672 889 735 iu
912 672 996 755 Sept.
1022 676 1082 736 273
1101 675 1127 749 2)
1150 679 1184 736 et
1206 677 1266 739 783

163 776 424 860 exeogitaverunt
447 774 500 852 (of.
525 773 743 839 Wsllauerum
766 774 857 838 adv.
882 778 973 855 255),
993 774 1060 856 jam
1084 774 1267 857 conjectura

166 877 340 951 (Diridorfii
362 871 465 941 όδαοό
487 869 529 958 τ’)
558 881 616 941 aut
641 875 771 942 meliore
793 876 1056 959 interpretatione
1077 877 1119 940 ad
1141 877 1267 941 irritum

164 986 240 1045 sunt
269 979 402 1058 (λασίοις
440 978 496 1043 sod
524 977 577 1043 hio
604 977 694 1057 loeus
723 979 947 1062 pessumdatus
968 1000 1069 1061 noque
1092 978 1267 1042 Hermauni

164 1083 361 1165 wnjeotura,
393 1082 460 1164 qua
479 1073 550 1144 όπό
573 1081 715 1164 ejicitur,
749 1087 881 1145 sanatus
902 1102 970 1145 esse
993 1081 1132 1160 videtur,
1169 1103 1267 1164 quum

164 1184 262 1251 verba
279 1177 478 1262 πλάζεσθαι
505 1175 670 1264 ὀμμάτων,
692 1181 872 1266 significare
901 1183 1027 1261 ·‚‚ooulis
1060 1204 1093 1247 se
1122 1184 1267 1266 privare“

167 1285 390 1354 difficillimum
406 1285 448 1349 sit
463 1284 679 1368 eomprobatu.
717 1285 813 1350 Notio
825 1286 1057 1369 segregationis
1071 1286 1155 1351 inest
1169 1286 1267 1351 otiam

168 1388 246 1452 loeis
268 1388 359 1452 llum.
385 1390 457 1465 845,
479 1390 517 1450 st
521 1391 539 1450 9
568 1380 637 1451 a’rrd
659 1383 719 1474 γάρ
739 1412 781 1469 με
802 1392 901 1468 τιμᾶν
923 1387 1058 1452 δαναιᾶν
1078 1391 1167 1451 θεῶν
1189 1377 1268 1474 ἦραν

167 1486 272 1556 δόλοι·
288 1510 358 1568 „me
380 1489 566 1571 eripuerunt
587 1510 626 1553 ex
648 1489 822 1557 honoribus
844 1490 1006 1569 vetustis“‚
1035 1511 1092 1573 pro
1120 1512 1182 1572 quo
1205 1490 1268 1555 diei

166 1613 291 1676 quoque
320 1591 426 1674 potuit
458 1611 530 1654 cum
557 1611 658 1675 parva
688 1593 865 1657 sententiae
894 1598 928 1657 et
953 1592 1113 1676 cogitandi
1135 1592 1269 1665 rationis

165 1695 344 1760 mutatione
373 1687 443 1756 όπὸ
473 1688 533 1778 γάρ
561 1716 624 1774 μου
654 1690 788 1772 δαναιὰς
815 1690 912 1775 τιμὰς
941 1698 977 1759 θ.
1007 1685 1086 1782 ἦραν
1114 1690 1207 1761 δόλοι
1222 1699 1266 1773 3);

167 1797 277 1881 suppl
295 1801 334 1860 95
357 1788 526 1860 λόπσειδ
549 1791 693 1859 ἐλπίδων
715 1789 771 1883 ἀφ’
793 1790 989 1883 ὑψιπύργων
1011 1794 1176 1874 πανώλεις
1188 1803 1266 1883 βρο-

166 1895 261 1979 τούς,·
299 1897 377 1962 Cha·
407 1901 467 1960 262
502 1889 573 1960 α’πὸ
604 1901 740 1984 σμικροῦ
768 1892 797 1962 d'
825 1890 865 1964 όλν
891 1891 1001 1984 δρειας
1026 1897 1128 1983 μέγαν
1157 1895 1265 1980 δόμον,

166 2023 248 2086 quae
273 2000 386 2078 verba,
423 2020 522 2082 quum
544 1993 615 2064 όπὸ
638 2003 775 2086 σμικροῦ
797 2001 926 2065 minime
948 2003 990 2064 sit
1012 2001 1140 2082 ‚‚faeile,
1171 2024 1268 2085 opera

165 2102 419 2186 levi“-‚.explioes
443 2103 592 2182 „domum
615 2123 696 2186 quae
718 2121 818 2184 parva
840 2108 888 2166 est
910 2108 945 2167 tu
959 2103 1001 2168 ad
1016 2105 1267 2189 magnitudinem

166 2204 278 2270 tollere
301 2210 410 2289 ‘protes‘
436 2210 485 2283 (ut
508 2225 528 2268 a
550 2205 731 2270 conditione
752 2205 921 2287 parvitatis
944 2206 1055 2271 domus
1078 2208 1120 2271 sit
1141 2229 1267 2289 separa-

160 2313 228 2388 .ta)-;
263 2311 363 2390 quare
386 2306 429 2370 ad
448 2298 589 2392 σμικροῦ
610 2307 820 2390 supplendum
844 2312 893 2371 est
915 2302 1025 2388 δόμου.
1071 2310 1174 2385 Quam
1196 2330 1268 2391 pro

165 2410 250 2474 xime
279 2409 320 2474 ab
349 2409 410 2474 hoe
432 2430 499 2473 usu>
514 2431 553 2473 ea
575 2407 764 2492 significatio
787 2409 872 2475 absit
895 2431 959 2492 qua
982 2402 1051 2473 όπό
1073 2410 1204 2492 copiam·
1220 2412 1268 2473 iu-

165 2512 252 2576 dicat
274 2532 314 2575 ex
336 2531 401 2593 qua
422 2512 659 2594 quid-sumitur
673 2511 723 2575 vel
739 2517 883 2594 superest
905 2510 1068 2593 (partitive
1082 2513 1109 2587 ⁴)
1133 2511 1267 2592 dietum)

166 2650 371 2667 *oenoe—w
418 2654 421 2663 t

239 2749 257 2814 Ι)
293 2747 383 2800 Loous
408 2745 590 2801 difficillimus
614 2749 678 2816 quia
701 2749 809 2802 codices
833 2746 969 2800 fluctuant
987 2751 1015 2797 et
1033 2745 1268 2813 strophaiuoerta

166 2841 215 2889 est.
251 2835 429 2890 Florentinus
455 2836 504 2889 dat
521 2836 556 2894 ,ἐξ
579 2837 648 2905 ἐμᾶς
666 2833 787 2892 ἐλπίδοςΙ
824 2834 1045 2903 Explicatiouem
1066 2850 1115 2886 »ex
1132 2850 1194 2886 mea
1212 2851 1267 2902 spe,

165 2928 197 2977 ut
215 2940 308 2992 spero«
330 2924 442 2977 admitti
459 2941 513 2977 uon
530 2940 610 2992 posse
622 2941 656 2976 ox
668 2924 702 2976 iis
716 2940 785 2991 quae
798 2923 965 2977 antecedunt
978 2922 1052 2974 olore
1064 2922 1162 2975 elucet.
1199 2922 1268 2977 nini

166 3026 231 3081 rem
256 3011 421 3079 persuadere
438 3027 551 3081 nequeo.
564 3015 604 3071 ¹ut
628 3014 723 3079 putem
746 3012 829 3065 verba
848 3010 876 3068 ἐξ
893 3010 961 3079 ἐμᾶς
981 3006 1094 3066 ἐλπίδος
1113 3008 1267 3077 significare

167 3113 247 3165 posse
269 3101 392 3166 »praeter
410 3116 487 3167 spem
503 3116 616 3152 meam«.
653 3098 741 3163 Locus
754 3097 919 3165 Euripideus
930 3097 1015 3148 Iuone
1031 3096 1103 3164 apud
1119 3096 1266 3148 Stobaeum

167 3183 219 3239 GV.
242 3185 253 3237 l
276 3190 414 3261 servatus,
434 3203 515 3255 quem
532 3185 706 3260 Hermannus
724 3186 828 3253 laudat,
846 3185 928 3252 plane
946 3183 1059 3258 alienus.
1095 3182 1189 3235 Weilii
1207 3201 1268 3235 son·

166 3273 254 3326 tentia
267 3273 312 3342 (od
324 3273 421 3341 uass)
440 3277 499 3327 sine
518 3272 601 3328 dubio
619 3271 777 3342 rejicienda.
814 3266 872 3322 δπό
885 3270 971 3324 'unice
988 3275 1104 3336 rectum.
1140 3269 1175 3324 of.
1192 3270 1225 3323 ll.
1244 3272 1266 3331 ί,

165 3360 225 3429 343,
245 3378 269 3422 κ,
289 3356 339 3414 324
359 3358 416 3413 ἀπὸ
436 3359 516 3427 δόξης
523 3381 531 3423 ;
561 3358 703 3428 Sophsm.
724 3360 790 3412 1127
813 3356 862 3410 ἀπ’
882 3356 1017 3421 diuidua}
1046 3359 1144 3412 Traoh.
1162 3356 1266 3411 neore

165 3447 279 3506 ἐλπίδος
298 3452 404 3515 καλῆς.·
425 3450 499 3504 Num
517 3450 577 3518 quis
607 3447 731 3525 audebit⁷
750 3452 786 3510 ¹ut
809 3447 848 3507 ἐξ
861 3447 1002 3513 defendat,⁴
1027 3448 1056 3499 in
1074 3447 1267 3502 auxiliumvo-

165 3537 289 3590 oeroSo.
306 3539 372 3590 Aut.
387 3538 439 3590 330
457 3534 533 3595 ἐκτὸς
551 3535 664 3594 ἐλπίδος
673 3555 682 3597 ;
699 3535 765 3588 Eur.
784 3536 863 3589 Hero
883 3534 901 3588 f
920 3535 968 3589 771
992 3531 1154 3617 δοκημάτων
1172 3531 1266 3595 lavde?

236 3625 258 3692 ²)
294 3624 409 3677 Frustra
433 3625 634 3678 Heimsoethius
664 3642 689 3692 p.
711 3626 759 3676 184
785 3623 932 3676 lectionem
960 3623 1093 3676 traditam
1119 3622 1266 3678 defendere

165 3713 268 3766 studet.

232 3800 255 3868 3)
292 3799 326 3854 ef.
346 3800 506 3853 Piersonum
530 3801 559 3851 in
583 3801 654 3853 Mus.
674 3799 806 3852 Rhenauo
828 3800 868 3862 11,
890 3799 936 3849 111
967 3797 1012 3864 qui
1035 3798 1097 3865 jure
1121 3805 1215 3852 monet
1233 3817 1267 3852 ne

135 3922 137 3926 -
162 3888 223 3957 quis
242 3892 322 3956 putet
338 3887 439 3940 tmesin
457 3887 545 3940 inesse
562 3889 605 3940 his
623 3888 723 3941 verbis.

231 3975 254 4042 ⁴³)
290 3975 350 4029 Hac
367 3973 510 4029 occasione
527 3976 593 4029 data
610 3975 711 4027 addere
729 3974 791 4026 volo
810 3990 893 4041 quum
912 3973 985 4041 apud
1004 3991 1098 4028 omues
1119 3973 1266 4042 scriptores

161 4065 220 4116 tum
239 4065 312 4134 apud
331 4062 498 4130 Aeschylum
519 4062 657 4116 rarissimo
683 4078 733 4130 pro
751 4078 813 4132 gen.
831 4062 963 4130 partitive
982 4062 1108 4118 adhiberi
1127 4062 1266 4132 praeposi·
