2856 4776
733 409 776 470 60

208 598 283 656 ante
311 598 522 657 consonantes
550 591 690 656 restituit
718 590 760 668 ἐς.
805 594 923 658 Omnes
952 593 1019 656 fere
1046 591 1141 654 ceteri
1170 589 1307 672 tragico·

208 716 278 759 rum
301 695 438 760 editores
460 696 514 778 qui
536 695 707 758 maximam
729 700 853 778 partem
877 695 1001 758 codices
1022 698 1214 775 sequuntur,
1250 689 1307 754 sed

208 796 300 861 haud
324 818 397 861 raro
424 801 537 860 contra
566 796 718 861 librorum
749 798 974 861 auctoritatem
995 795 1132 859 formam
1153 793 1306 857 traditam

210 904 374 963 mutavere
393 903 427 976 ¹),
450 905 554 962 certas
575 900 702 981 regulas
724 905 800 963 ante
821 897 929 962 oculos
951 919 1015 961 non
1037 897 1227 973 habuerunt,
1249 893 1307 958 sed

207 1000 490 1065 inconstantissimi
512 1000 610 1064 fuere.
653 1001 780 1084 Tragici
799 1001 855 1083 qui
879 1005 954 1064 ante
977 1004 1185 1062 consonantes
1206 1002 1240 1061 et
1259 991 1309 1072 εἰς

208 1109 242 1166 ct
271 1100 305 1179 ἐς
334 1102 568 1166 collocaverunt
597 1102 630 1165 in
659 1124 719 1167 usu
745 1103 861 1166 harum
881 1101 1057 1166 formarum
1079 1100 1228 1164 licentiae
1250 1103 1309 1162 ant

208 1205 398 1268 temeritatis
421 1203 501 1267 nihil
523 1204 731 1268 admiserunt.
769 1204 924 1269 Dubitare
946 1224 1010 1269 non
1031 1223 1207 1286 possumus,
1228 1201 1308 1284 quin

210 1327 313 1385 sonus,
337 1306 436 1370 thesis
457 1313 490 1370 et
512 1307 592 1369 arsis
613 1306 750 1370 multum
772 1307 834 1370 hac
854 1307 888 1369 in
911 1327 946 1370 re
967 1305 1118 1384 valuerit3
1140 1310 1308 1387 praeterea

208 1408 255 1472 vis
277 1414 309 1472 et
328 1408 451 1491 pondus
474 1408 559 1490 quod
581 1410 774 1491 praepositio
797 1410 926 1486 habuit3
954 1408 1091 1489 denique
1112 1408 1211 1470 etiam
1231 1427 1310 1470 usus

208 1511 369 1574 interdum
391 1509 487 1592 hujus
508 1511 555 1573 rei
578 1511 724 1574 dominus
746 1531 783 1572 ao
804 1515 960 1590 tyrannus
974 1509 1072 1573 fnisse
1086 1515 1200 1592 potest,
1223 1514 1309 1573 certa

209 1611 404 1676 locutionum
436 1619 470 1674 et
501 1612 710 1676 tormularum
743 1612 943 1694 qoanmdam
977 1611 1029 1693 (cf.
1049 1612 1252 1693 Krnegerum
1281 1610 1308 1673 Ι.

209 1718 259 1791 68,
288 1718 337 1790 21,
372 1718 413 1790 1).
469 1714 604 1778 Etiamsi
635 1734 708 1777 raro
738 1714 888 1778 constitui
915 1719 1021 1797 potest
1048 1720 1123 1776 utra
1150 1714 1310 1796 scriptura

210 1814 279 1879 loco
302 1837 492 1898 unoquoque
513 1815 661 1899 eligenda
683 1815 740 1894 sit,
762 1822 872 1879 tamen
899 1816 994 1879 etiam
1018 1815 1091 1880 libri
1114 1816 1237 1893 docent,
1261 1809 1310 1892 εἰς

208 1923 284 1981 ante
312 1923 522 1982 consonantes
551 1939 703 2002 persaepe
732 1918 838 1982 sedem
866 1918 1024 1981 invenisse
1053 1918 1086 1981 in
1117 1917 1251 1981 senariis
1276 1922 1311 1982 88

208 2020 319 2083 metris
342 2018 595 2102 simplicioribus,
617 2021 721 2084 rarius
741 2020 775 2083 in
791 2019 984 2084 carminibus
1006 2019 1122 2102 lyricis,
1146 2017 1180 2096 ἐς
1200 2026 1311 2084 antem

210 2123 390 2204 praelatum
423 2141 490 2184 esse
520 2122 553 2184 in
575 2123 686 2186 metris
708 2121 1041 2205 magnificentioribus
1087 2122 1124 2185 In
1146 2122 1310 2187 vocabulis
1413 2112 1419 2121 ’

209 2222 392 2306 compositis
414 2222 580 2304 aliquanto
603 2225 767 2306 praevalet
787 2217 845 2303 εἰς,
868 2223 1038 2308 praecipue
1060 2224 1093 2287 in
1116 2225 1259 2288 senariis

295 2325 402 2389 Pauca
429 2325 546 2389 addere
576 2325 672 2388 liceat
699 2326 739 2390 de
766 2325 869 2390 forma
899 2328 984 2390 vocis
1010 2320 1086 2390 ἔσω.
1130 2325 1311 2391 Ellendtius

211 2427 235 2491 l.
262 2450 290 2508 p.
315 2431 394 2492 543:
428 2427 481 2505 „si
503 2426 684 2491 memineris
706 2428 953 2511 Aristophanem
975 2435 1007 2492 et
1029 2428 1196 2492 Platonem
1217 2449 1311 2492 num·

210 2551 308 2612 quam
336 2529 454 2594 dixisse
482 2524 549 2594 ἔσω
577 2529 630 2607 (de
657 2530 725 2594 hoc.
750 2552 778 2593 v.
804 2531 985 2595 Schneider.
1009 2528 1110 2612 praef.
1133 2531 1174 2593 ad
1200 2530 1259 2593 civ.
1283 2531 1309 2594 1.

210 2634 268 2715 53)
297 2652 372 2694 vera
401 2631 559 2695 videbitur
587 2632 729 2696 Elmsleii
759 2633 918 2697 sententia
947 2632 1002 2710 (ad
1025 2632 1110 2696 Med.
1133 2637 1189 2710 88)
1212 2634 1312 2697 etiam

210 2733 394 2797 Hermanno
424 2734 560 2816 probata
589 2734 645 2815 (ad
674 2735 788 2798 Trach.
813 2739 907 2815 201),
944 2731 1010 2800 ἔσω
1031 2735 1161 2817 tragicis
1183 2735 1312 2800 nonnisi

210 2856 302 2898 versu
326 2841 457 2916 cogente
479 2836 667 2913 admissum,
699 2857 719 2898 a
743 2836 886 2914 comicis,
918 2843 955 2899 ut
977 2834 1024 2915 ἐς,
1062 2837 1172 2901 abesse
1194 2837 1312 2920 longis·

211 2937 321 3002 simc.“
364 2937 468 3014 Quam
500 2936 753 3001 observationem
774 2936 958 3002 Dindorfius
985 2945 1113 3003 secutus
1134 2960 1202 3003 esse
1224 2939 1313 3004 vide·

211 3044 280 3116 tur,
319 3039 373 3121 qui
403 3058 528 3122 semper
554 3044 657 3102 metro
685 3059 749 3102 non
777 3044 904 3103 vetante
933 3041 1031 3104 etiam
1053 3047 1167 3106 contra
1188 3041 1314 3106 codices

213 3133 293 3205 εἴσω
316 3142 457 3205 restituit
479 3147 624 3223 (excepto
639 3142 704 3224 Ag.
732 3146 822 3220 1052,
846 3143 932 3224 quod
954 3144 1067 3223 miror)
1089 3145 1182 3227 eique
1204 3164 1314 3207 assen-

213 3245 286 3308 tior.
331 3243 383 3308 Sic
411 3242 513 3325 magis
540 3244 639 3306 etiam
667 3243 874 3308 confirmatur
904 3246 1063 3309 sententia
1089 3267 1186 3328 quam
1215 3266 1315 3328 supra

211 3345 340 3430 protuli,
362 3345 396 3407 in
418 3344 593 3426 imparibus
615 3347 813 3410 senariorum
837 3347 970 3430 pedibus
986 3369 1112 3430 semper
1128 3354 1204 3412 ante
1220 3369 1314 3412 voca

213 3449 259 3513 les
280 3443 326 3524 εἰς
348 3467 416 3510 esse
434 3446 645 3510 scribendum.
658 3486 700 3496 —
723 3443 789 3512 ἔσω
811 3450 904 3514 unice
925 3456 1012 3514 recte
1032 3449 1130 3515 habet
1144 3451 1313 3533 Ag.1343;

213 3636 328 3702 λοιπόν,
349 3659 422 3695 nunc
440 3613 478 3697 alc
495 3636 526 3690 τὸ
545 3636 660 3700 λοιπόν;
688 3657 761 3694 nunc
780 3644 817 3697 εἰς
835 3628 918 3692 &door
935 3645 1063 3701 πίπτειν,
1086 3659 1160 3695 nunc
1178 3642 1205 3700 ἐς
1221 3659 1245 3694 r.
1266 3660 1296 3692 π.
1306 3663 1316 3703 ,-

212 3732 250 3787 εἰς
269 3723 340 3799 φάος
359 3732 387 3780 88
405 3728 432 3786 ἐς
450 3723 521 3798 φάος
528 3747 536 3788 ;
553 3730 591 3784 εἰς
610 3723 713 3797 δόμους
730 3733 759 3781 88
777 3728 803 3785 ἐς
822 3724 942 3798 (idaeam
960 3732 997 3786 εἰς
1015 3725 1134 3798 θρόνους
1151 3733 1180 3782 88
1199 3729 1226 3786 ἔς
1244 3725 1316 3800 θρό-

212 3833 291 3877 νους,·
309 3818 347 3874 εἰς
364 3811 413 3866 τὸν
431 3818 513 3880 αἰανῆ
528 3810 633 3884 χρόνον
650 3821 679 3869 88
698 3815 725 3873 ἐς
743 3813 792 3866 τὸν
812 3811 901 3867 πολὺν
917 3812 1028 3886 χρόνον,
1047 3820 1154 3882 strepeto
1171 3820 1199 3870 et
1217 3816 1316 3888 ἔςορᾶν

212 3906 286 3958 etc?
513 3949 516 3956 .

287 3990 306 4058 Ι)
342 3989 377 4044 cf.
401 3989 588 4042 Hermannum
612 3991 640 4043 in
664 3990 753 4043 Prom.
778 3992 843 4058 479;
878 3993 959 4059 10253
990 3992 1064 4060 Sept.
1088 3993 1136 4059 493
1167 3991 1231 4044 cho.
1251 3993 1314 4045 902.

213 4077 287 4133 Talia
305 4078 405 4147 agendi
422 4078 493 4132 ratio
511 4077 591 4132 flocci
608 4095 662 4133 non
679 4077 824 4147 pendenda
842 4082 892 4131 eat.
