2856 4776
676 393 718 455 56

160 569 327 654 nocareto,
352 571 572 659 δυσάγκριτος,
589 569 738 659 ἀνοίγειν,
757 568 936 654 ἀνάστασις
953 578 1139 657 „vastati0“;
1161 571 1263 663 α’ναρ-

160 672 275 756 πάζειν
298 678 500 762 „abripere“;
538 672 690 742 ἀνασπᾶν
712 681 803 744 Eum.
828 685 888 743 647
919 680 1040 745 dictum
1068 681 1107 745 de
1130 680 1264 763 pulvere

159 782 216 864 qui
237 781 423 863 sanguinem
446 780 596 846 haustum
619 781 713 861 bibit3
749 784 937 862 (κατασπᾶν
959 781 1070 846 eodem
1089 782 1163 864 jure
1185 784 1264 865 poni

159 882 280 967 potuit3
318 902 464 965 perverse
492 883 532 955 de
554 883 612 947 illa
632 904 707 948 voce
730 883 908 948 Meinekius
928 884 962 948 in
984 883 1098 949 Philol.
1125 888 1173 962 19,
1199 888 1263 949 226

157 984 340 1067 judicavit).

245 1085 358 1149 Restat
379 1089 416 1149 ut
437 1107 537 1150 unum
558 1086 664 1152 locum
679 1091 853 1152 tractemus
869 1086 925 1169 qui
939 1085 1181 1150 difficultatibus
1196 1109 1263 1152 non

159 1192 263 1267 caret;
290 1187 435 1270 intelligo
459 1187 544 1272 Sept.
573 1193 653 1254 1028
676 1181 758 1252 κάνὰ
780 1183 926 1251 κίνδυνον
947 1185 1048 1269 βαλῶ.
1094 1187 1145 1251 Its
1166 1188 1265 1271 pleri-

161 1311 224 1373 qne
247 1289 385 1354 editores
408 1290 583 1356 Mediceum
615 1293 716 1356 secuti
746 1290 857 1374 legunt
878 1289 910 1354 id
932 1288 1019 1372 quod
1040 1294 1126 1353 reete
1148 1289 1263 1356 secere.

160 1394 329 1457 Praetereo
352 1393 553 1475 conjecturas
575 1398 608 1458 et
628 1392 860 1476 propositiones
883 1390 1104 1480 Blomfieldii„
1118 1392 1264 1474 Porsoni,

160 1494 342 1576 Hartungii,
358 1493 577 1573 Heimsoethii‚
596 1495 741 1559 aliorum.
780 1486 840 1558 α’νά
856 1493 1111 1576 conjungendum
1127 1499 1175 1558 est
1190 1517 1264 1560 cum

159 1597 251 1678 βαλῶ
273 1597 329 1679 (de
351 1597 445 1661 tmesi
466 1596 505 1661 cf.
527 1596 565 1661 fr.
585 1601 645 1660 130
667 1589 715 1660 ἄν)
730 1586 786 1672 οὖς
802 1590 905 1676 ἔχων).
949 1590 1096 1665 κίνδυνον
1117 1587 1264 1678 ἀναβάλ-

160 1699 227 1763 λειν
256 1701 340 1764 idem
368 1704 417 1764 est
446 1700 531 1783 quod
560 1698 741 1762 Herodotus
764 1699 802 1764 V.
827 1703 867 1762 49
892 1698 970 1762 dicit
990 1693 1096 1779 μάχας
1116 1691 1264 1782 ἀναβάλ-

160 1801 298 1881 λεσθαι,
322 1801 393 1867 VII.
418 1805 468 1880 50,
491 1801 588 1865 Thuc.
613 1808 643 1880 4,
668 1805 726 1880 95;
758 1806 786 1879 6,
813 1804 849 1864 13
873 1795 1020 1863 κίνδυνον
1042 1791 1265 1887 ἄναρρίππενν

159 1904 179 1968 i.
204 1926 230 1968 e.
254 1904 430 1987 periculum
452 1905 573 1983 subira;
597 1903 636 1967 cf.
660 1903 769 1966 Elmsl.
794 1903 836 1966 ad
858 1902 934 1965 Eur.
959 1902 1035 1966 Her.
1063 1907 1136 1981 1493
1160 1903 1265 1968 Krue-

160 2027 271 2090 gerum
293 2007 335 2070 ad
357 2007 455 2071 Thuc.
479 2011 508 2084 4,
524 2011 575 2085 85,
592 2010 620 2069 2.
667 2004 846 2069 Scholiasta
866 2009 952 2068 recte
975 2003 1114 2086 explicat
1136 2001 1170 2080 ἐς
1192 1999 1264 2068 κίν-

161 2107 255 2172 δυνον
277 2105 409 2190 ἐμβαλῶ
431 2103 579 2193 ἐμαυτήν.
626 2106 822 2171 Reflexivum
837 2101 969 2188 βάλλειν
985 2107 1115 2170 omnino
1130 2105 1264 2173 hicnon

160 2216 225 2290 est,
259 2210 293 2274 id
323 2211 408 2293 quod
438 2210 652 2293 objiciendum
682 2210 743 2274 crit
772 2208 927 2273 Ahrensio
949 2206 1077 2287 (Philol.
1101 2208 1211 2291 Suppl.
1236 2209 1263 2275 1.

160 2336 190 2406 p.
216 2317 302 2394 sao).
1102 2332 1109 2340 1

667 2451 748 2513 ΕΙΣ.

249 2619 275 2676 1.
311 2613 357 2677 De
370 2614 498 2697 forma.
545 2613 663 2679 Mirum
685 2615 718 2678 in
741 2614 871 2679 modum
893 2613 967 2678 libri
989 2618 1022 2677 et
1044 2615 1182 2679 editores
1205 2615 1265 2679 fln-

160 2720 272 2780 ctnant
301 2716 341 2779 de
369 2716 541 2798 scriptione
567 2716 813 2800 praepositionis
835 2710 883 2792 εἰς
906 2717 992 2799 apud
1014 2717 1151 2798 tragicos
1173 2738 1264 2799 grae·

64 2815 67 2820 ’
160 2840 221 2883 cos.
268 2818 401 2883 Constat
422 2818 551 2899 quidem
573 2824 743 2901 utramque
765 2818 911 2897 fonnem,
936 2825 968 2882 et
989 2813 1037 2894 εἰς
1058 2824 1091 2882 et
1111 2815 1153 2897 ἐς,
1176 2820 1266 2903 apud

159 2943 213 2987 eos
235 2921 388 2985 usitatam
410 2920 523 2998 fuisse,
546 2920 681 2984 necdum
703 2923 811 2983 tamen
834 2927 941 2984 certae
963 2920 1093 3004 regulae
1115 2927 1264 3004 repertae
1311 2948 1312 2955 ¹

160 3029 234 3089 sunt
256 3043 336 3105 quas
358 3023 457 3085 secuti
480 3021 673 3087 constituere
694 3022 860 3105 possimus,
883 3022 938 3087 ubi
959 3016 1014 3101 εἰς,
1045 3022 1100 3087 ubi
1121 3019 1155 3099 ἐς
1176 3029 1264 3088 recte

159 3126 286 3191 habeat.
334 3124 536 3202 Quinetiam
559 3123 707 3187 videntur
729 3123 785 3187 alii
806 3118 976 3207 scriptores
997 3124 1061 3188 alio
1084 3125 1178 3189 modo
1201 3125 1265 3190 hac

159 3230 192 3293 in
216 3251 250 3292 re
272 3227 381 3310 egisse.
437 3226 521 3290 Narn
543 3247 642 3308 quum
664 3226 750 3308 apud
772 3225 988 3308 Thucydidem
1012 3223 1046 3303 ἒς
1066 3227 1262 3310 praevaleat,

159 3331 252 3395 Plato
279 3324 331 3405 εἰς
357 3327 514 3410 praefert,
546 3328 572 3391 si
602 3327 730 3410 quidem
758 3327 968 3394 Schneiderus
990 3334 1023 3391 et
1043 3329 1152 3412 Poppo
1174 3336 1264 3394 recte

159 3433 414 3498 observaverunt.
459 3429 586 3494 ‚ludica
607 3450 689 3510 quae
710 3430 852 3495 homines
874 3429 958 3493 docti
981 3430 1022 3493 ad
1045 3429 1262 3520 definiendurn

158 3541 191 3600 et
213 3531 469 3598 constituendum
492 3531 577 3595 hunc
598 3552 690 3596 usum
713 3533 858 3598 tulerunt
880 3552 975 3616 saepe
997 3531 1197 3614 aliquantum
1213 3533 1262 3596 in-

159 3643 209 3700 ter
224 3656 257 3699 se
273 3635 464 3716 discrepant.
511 3635 652 3711 Quorum
666 3634 821 3700 nonnulla
835 3634 1042 3698 inveniuntur
1057 3635 1143 3718 apud
1157 3635 1262 3700 Elms-

158 3739 219 3820 ley.
242 3738 275 3799 in
298 3735 398 3819 praef.
422 3736 464 3800 ad
485 3735 562 3800 Oed.
586 3758 611 3800 r.
634 3760 664 3821 p.
685 3742 740 3813 12;
775 3735 811 3800 G.
837 3735 976 3798 Dindcrf
996 3736 1036 3800 ad
1059 3737 1155 3801 Arist.
1180 3737 1259 3801 Ach.

159 3863 186 3902 v.
201 3841 272 3916 242,
295 3837 424 3901 Porsen.
442 3838 484 3902 ad
499 3839 574 3903 Eur.
592 3839 669 3902 Hec.
685 3862 715 3922 p.
731 3843 787 3917 533
811 3837 950 3902 Brunclr.
968 3839 1010 3902 ad
1025 3838 1136 3903 Aesch.
1154 3839 1259 3904 Prom.

159 3945 240 4019 4783
271 3938 420 4022 Elmsley.
451 3940 492 4005 ad
522 3941 603 4006 Med.
629 3945 688 4020 883
722 3940 860 4005 Ellendt.
894 3940 956 4004 lex.
981 3940 1075 4025 Soph.
1102 3963 1126 4006 s.
1149 3964 1177 4004 v.
1201 3936 1259 4018 εἰς.

160 4041 344 4105 Censuerim
372 4062 481 4107 omnes
510 4043 568 4108 hos
594 4043 678 4107 viros
706 4042 816 4108 doctos
837 4048 960 4108 rectum
982 4064 1047 4109 non
1068 4044 1192 4110 vidisse.
1216 4083 1260 4114 -,
