2856 4776
693 407 733 500 ν,

162 592 234 657 bem
256 592 435 665 Hermanni
457 591 674 675 conjecturam
698 589 790 671 λέχος
812 585 859 667 εἰς
882 587 939 655 σὸν
960 584 1146 673 ὑμεναίουν,
1182 612 1264 674 quae

162 701 195 758 et
217 693 353 758 difficilis
375 699 424 758 est
446 693 487 757 ad
510 693 736 776 explicandum
760 714 818 758 nee
841 693 919 758 mihi
943 693 1073 776 quidem
1095 693 1264 776 pulchrum

162 815 291 861 sensum
314 794 390 858 dare
412 789 546 874 videtur,
570 795 690 859 dubito.

249 897 279 977 c)
301 896 424 966 Exinde
447 896 615 962 dicendum
638 898 729 962 nobis
751 901 799 960 est
820 896 859 961 de
875 896 1047 960 tralatione
1063 896 1158 980 hujus
1173 919 1264 980 prae,-

163 996 329 1079 positionis
351 997 522 1068 admodum
545 1000 657 1071 saria
691 1001 723 1082 o)
746 998 793 1067 De
817 1004 904 1063 statu
927 1004 959 1064 et
982 999 1166 1064 conditione
1187 1000 1265 1065 dici-

163 1105 216 1162 tur
243 1098 276 1161 in
306 1119 403 1180 quam
432 1121 483 1164 res
506 1101 677 1165 adducitur
700 1100 754 1184 qui
777 1121 854 1165 usus
876 1122 947 1164 cum
970 1101 1124 1184 primaria
1146 1101 1287 1184 signifi--

161 1200 286 1263 catione
309 1201 485 1266 arctissime
507 1202 665 1273 cohaeret.
711 1203 815 1267 Proin.
836 1207 910 1282 473,
934 1207 996 1266 478
1018 1196 1066 1278 εἷς
1088 1197 1184 1270 νόσον
1204 1197 1265 1266 νεί-

162 1321 276 1381 νινειν,·
309 1307 364 1366 191
392 1297 439 1380 εἷς
461 1296 592 1390 όρθμόν
615 1300 689 1385 ἐμοὶ
710 1301 767 1368 καὶ
788 1300 950 1391 φιλότητά
974 1299 1058 1368 ποθ’
1080 1300 1165 1391 ἥξεις
1203 1309 1263 1368 965

162 1399 196 1478 ἐς
216 1398 317 1467 τάσδε
339 1401 457 1468 σαοσόν
480 1403 630 1492 πημονὰς
652 1403 885 1493 καθιόρμισας,·
910 1412 991 1473 1074
1014 1402 1096 1485 Ζεὺς
1117 1400 1202 1488 ὑμᾶς
1217 1400 1264 1485 εἷς

161 1498 371 1594 α’ντρόοντνον
387 1501 469 1594 πῆμ’
492 1502 671 1590 εἶςόβαλεν;
708 1511 764 1593 ng.
792 1514 873 1573 1276
904 1502 1045 1596 ἀπήγαγ’
1070 1506 1103 1585 ἒς
1132 1504 1266 1579 τοιόσδε

161 1601 368 1688 θανασίμους
396 1606 511 1690 σόχας;
548 1611 625 1675 cho.
651 1617 712 1676 913
743 1604 776 1693 μ’
805 1606 943 1697 ἔρριψας
971 1609 1005 1688 ἐς
1034 1608 1072 1676 τὸ
1096 1611 1267 1691 decrepito,-

161 1709 199 1773 fr.
225 1713 285 1774 282
315 1705 362 1787 εἰς
390 1709 541 1798 πημονὰς
570 1716 699 1800 καθῆκε
728 1709 874 1799 βροσοός.
935 1714 1096 1798 Imprimis
1124 1713 1267 1778 notanda

161 1817 210 1877 cst
236 1812 375 1877 formula
402 1815 544 1898 clliptica
574 1812 608 1892 ἐς
636 1810 765 1901 φθόρον
800 1835 883 1897 quae
921 1816 1084 1883 invenitur
1113 1816 1146 1891 in
1177 1816 1264 1899 Sept.

162 1917 239 1992 252,
277 1935 376 1996 quum
407 1917 504 1981 dictio
536 1918 578 1980 sit
607 1918 731 2001 plenior
760 1919 793 1981 in
823 1917 881 2001 Ag.
909 1921 987 1990 1267
1017 1909 1059 1980 ἴτ’
1082 1914 1115 1993 ἐς
1137 1912 1267 2003 φθόρον

161 2011 312 2095 νιεσόνσε.
358 2016 468 2101 Neque
491 2018 632 2092 difficilia
655 2025 730 2085 sunt
752 2019 848 2084 verba
870 2020 904 2083 in
934 2019 991 2100 Ag.
1019 2023 1098 2083 1567
1124 2015 1158 2096 ἐς
1179 2012 1266 2083 τόνδ’

161 2115 272 2205 ἐνέβης
301 2116 355 2199 ξὺν
384 2112 528 2207 ἀληθείᾳ
548 2117 706 2208 χρησμόν,
745 2122 821 2204 quia
851 2116 1017 2204 ἐμβαίνειν
1045 2122 1171 2204 saepius
1191 2141 1266 2199 ,oum
1317 2183 1325 2198 ,

164 2210 261 2292 snbst.
286 2223 384 2291 abstr.
409 2224 615 2306 conjunctum
645 2225 773 2299 notione
802 2225 905 2289 utitur
940 2224 1099 2304 „incidere
1126 2223 1179 2300 in“
1210 2223 1264 2304 (cf.

164 2323 245 2393 Plat.
270 2325 350 2409 legg.
375 2325 433 2397 111.
459 2325 568 2390 6860
592 2319 639 2403 εἰς
662 2324 782 2413 σκέψιν
805 2321 1003 2409 ἐμβαίνειν),·
1038 2346 1137 2408 quare
1159 2330 1266 2397 vertas

166 2426 324 2505 „incidisti
346 2427 379 2491 in
402 2426 462 2491 hoo
485 2428 649 2497 oraculum
671 2430 693 2493 i.
716 2450 742 2493 c.
765 2429 993 2512 pronunciasti,
1016 2431 1186 2510 postquam
1208 2427 1266 2492 tibi

164 2528 197 2592 in
219 2535 358 2599 mentem
381 2529 499 2594 venit.“
523 2568 566 2579 —
590 2531 661 2608 Quo
689 2551 761 2595 cnm
792 2551 852 2595 usu
882 2535 952 2594 arte
982 2529 1010 2602 is
1036 2548 1197 2604 connexus
1218 2534 1268 2598 est

163 2651 228 2713 quo
256 2625 304 2708 εἷς
332 2631 450 2695 dicitur
480 2631 519 2695 de
551 2632 597 2696 eis
626 2633 681 2714 qui
709 2633 750 2696 ad
772 2653 913 2715 pugnam
939 2630 1188 2714 congrediuntur
1210 2637 1267 2697 aut

164 2733 292 2802 omnino
315 2733 357 2806 ad
378 2733 537 2804 actionem
560 2733 702 2816 aliquam
724 2735 962 2816 comparatione
985 2735 1207 2818 spectandam,
1230 2739 1268 2810 qt

162 2835 206 2903 ad
227 2835 388 2919 ‚colloquia
410 2841 443 2900 et
464 2834 554 2907 alias,
599 2835 685 2900 Pers.
706 2840 768 2901 394
792 2833 826 2912 ἐς
846 2831 949 2922 μάχην
972 2829 1150 2921 όρμῶννες,·
1173 2837 1265 2918 Eum,

166 2940 226 2998 365
249 2930 296 3012 εἰς
317 2929 465 3024 ἄγκρισιν
488 2935 619 3018 ε’λθεῖνς
656 2937 713 3022 Ag.
740 2943 820 3002 1907
844 2928 865 3024 ἦ
888 2935 944 3009 καὶ
965 2935 1084 3003 τέκνοιν
1107 2933 1154 3023 εἰς
1176 2934 1267 3026 ἔργον

164 3028 307 3122 ἠλθέτην
322 3034 427 3124 νόμρι,·
447 3041 469 3114 i.
487 3061 513 3105 c.
529 3033 578 3117 εἷς
592 3035 806 3125 σεκνοοργίαν.
844 3041 1052 3119 Leontionem
1067 3043 1266 3120 notissimam

166 3130 213 3212 εἰς
232 3139 342 3224 χεῖρας
364 3135 476 3216 ἐλθεῖν
499 3166 564 3217 τινι
595 3164 722 3229 „pugna
744 3141 893 3226 congredi
915 3163 987 3206 cnm
1011 3142 1138 3226 aliquo“
1166 3143 1266 3213 habes

165 3238 250 3324 Sept.
277 3244 393 3330 6801).
439 3245 470 3324 b)
499 3246 548 3310 Ex
571 3266 624 3324 eo,
663 3245 748 3327 quod
770 3238 818 3321 εἷς
840 3244 1047 3308 directionem
1069 3249 1197 3310 tantum
1218 3247 1267 3311 in·

161 3342 270 3415 ,dicare
285 3351 399 3428 potest,
424 3368 521 3430 quam
537 3348 609 3430 quis
630 3352 735 3412 tenet:
761 3345 965 3428 „hin·nach“‚
989 3346 1073 3412 aliae
1089 3354 1267 3431 sequuntur

163 3443 367 3528 tralationem
406 3449 612 3533 conjungitur
633 3450 720 3519 enim
742 3470 837 3534 saepe
860 3469 933 3517 cum
954 3449 1058 3514 verbis
1079 3449 1208 3516 videndi
1228 3456 1266 3529 nt

163 3547 326 3615 oculorum
349 3552 512 3634 conjectus
535 3552 643 3634 aiiquo
666 3571 792 3622 versum
815 3551 954 3616 directus
970 3552 1157 3633 denotatum
1180 3553 1266 3624 seius

162 3653 362 3725 acomativus
390 3652 445 3735 qui
475 3659 509 3716 et
536 3655 603 3736 ipse
625 3653 730 3718 locum
754 3654 895 3721 invenire
918 3655 1038 3738 potuit,
1073 3654 1113 3719 ab
1136 3655 1196 3719 hoc
1219 3650 1266 3734 εἰς

163 3772 189 3816 c.
213 3773 277 3817 acc.
301 3774 338 3817 eo
362 3753 492 3835 differt,
529 3755 614 3837 quod
644 3756 837 3839 praepositio
868 3756 1024 3839 ejusmodi
1053 3756 1266 3824 locutionibus

163 3914 368 3922 —...——-..—-—

234 3982 254 4051 ¹)
290 3982 425 4051 Exempla
448 3981 531 4050 hujus
555 3998 619 4034 usus
639 3985 667 4034 et
686 3984 840 4034 ceterarum
859 3979 1092 4050 significationum
1113 3998 1146 4035 ex
1163 3981 1265 4050 Sopho·

162 4071 213 4124 elis
232 4071 333 4125 fabulis
352 4070 453 4125 collata
470 4063 589 4139 repeiies
608 4068 682 4138 apud
700 4067 871 4122 Ellendtium
889 4068 910 4122 Ι.
929 4086 956 4137 p.
971 4069 1022 4121 533
1037 4085 1094 4138 sqq.

1018 4175 1035 4229 5
1157 4223 1161 4227 .
