2856 4776
705 412 725 471 4

245 591 365 668 Quibus
393 593 513 655 caussis
541 599 716 656 commotus
743 616 808 658 non
837 594 977 658 alienum
1006 593 1073 660 fore
1103 597 1260 679 putabam

160 693 199 755 de
222 693 345 755 ratione
369 713 465 775 quam
487 694 661 776 Aeschylus
684 701 809 759 secutus
841 697 883 760 sit
911 698 945 760 in
969 719 1028 761 usu
1051 700 1258 781 praepositio·

160 816 236 858 num
258 794 366 876 paullo
390 795 569 859 accuratius
592 817 706 878 agere,
744 799 790 860 ita
821 804 858 860 nt
889 798 968 860 nihil
992 800 1077 881 quod
1100 801 1259 862 mentione

160 896 290 978 dignum
323 903 405 959 esset
438 896 564 960 silentio
597 898 835 980 praeteriretur.
881 901 919 963 ld
951 905 1100 983 appetam
1135 906 1171 963 ut
1206 902 1260 964 de-

159 1003 331 1060 monstrem
356 999 513 1080 quomode
537 1021 553 1062 e
576 1000 730 1081 primaria
752 1022 834 1082 quae
857 1002 983 1065 elocali
999 1003 1141 1065 nascitur
1164 1004 1260 1086 sigui-

160 1097 309 1162 ficatione
339 1106 463 1163 ceterae
499 1103 562 1164 sint
592 1109 717 1166 coortae
753 1109 785 1167 et
811 1103 973 1186 profectae
1002 1101 1258 1186 significationes,

161 1203 312 1282 omnia1)
341 1223 422 1284 qnae
452 1203 536 1286 apud
559 1203 749 1285 Aeschylum
772 1205 978 1268 inveniuntur
1001 1205 1147 1287 exempla
1168 1227 1259 1287 prae-

160 1305 353 1387 positionum
374 1303 509 1368 afferens
532 1310 564 1367 et
586 1305 618 1367 in
641 1307 767 1369 ordines
789 1306 967 1389 classesque
988 1307 1134 1389 redigens
1149 1307 1257 1369 eodem

161 1407 226 1471 fere
256 1405 349 1470 modo
379 1427 441 1488 quo
464 1407 644 1470 Ellendtius
671 1409 704 1470 in
728 1407 829 1471 lexico
852 1407 1027 1490 Sophocleo
1045 1411 1082 1492 2).
1127 1407 1174 1471 De
1198 1407 1260 1470 for-

160 1508 221 1571 mis
242 1508 514 1590 praepositionum
540 1515 636 1591 atque
663 1510 702 1573 de
729 1511 912 1592 compositis
939 1531 978 1574 ea
1007 1531 1089 1593 quae
1116 1524 1260 1571 necessa-

161 1612 211 1682 ria
233 1616 308 1673 sunt
333 1630 397 1674 non
425 1611 584 1693 negligam
612 1610 736 1676 afferre.
790 1612 860 1675 Etsi
888 1632 962 1675 vero
994 1632 1033 1674 ex
1066 1611 1113 1676 rei
1142 1614 1260 1672 natura

161 1719 210 1778 est
231 1733 301 1775 eam
323 1717 450 1795 partem
476 1713 709 1777 dissertationis
737 1714 771 1776 in
795 1733 859 1795 qua
888 1718 1000 1796 agetur
1029 1710 1069 1776 de
1099 1712 1260 1794 praeposi-

160 1816 284 1881 tionum
307 1812 536 1897 significatione
567 1815 790 1879 constituenda
819 1814 1048 1897 amplissimam
1078 1834 1144 1876 esse
1175 1812 1260 1895 quod

161 1919 278 1981 attinet
306 1916 346 1978 ad
379 1922 545 1979 externum
583 1917 757 1995 ambitum3
802 1922 898 1999 atque
934 1916 994 1979 etsi
1030 1916 1159 1979 omnino
1195 1936 1259 1978 non

161 2041 241 2101 nego
264 2038 335 2080 eam
356 2010 520 2100 permagni
543 2039 610 2082 esse
632 2020 785 2083 momenti
808 2023 918 2101 utpote
939 2017 974 2080 in
995 2037 1059 2099 qua
1074 2016 1194 2080 multae
1210 2037 1261 2080 res

163 2119 318 2200 Aeschylo
349 2120 496 2201 propriae
526 2121 589 2182 sint
617 2121 820 2185 tractandae:
859 2126 967 2182 tamen
990 2119 1175 2201 neutiquam
1203 2141 1260 2201 pu-

163 2222 271 2286 tabam
301 2241 372 2284 eam
399 2222 576 2302 graviorem
605 2243 673 2286 esse
707 2242 803 2305 quam
839 2222 920 2284 alias
953 2221 1154 2303 quaestiones
1189 2240 1260 2283 cum

162 2322 449 2408 praepositionibus
478 2325 589 2386 intime
620 2324 833 2388 cohaerentes.
893 2323 1038 2405 Namque
1070 2344 1168 2405 quum
1204 2321 1261 2384 alii

161 2427 329 2507 scriptores
349 2425 412 2488 alio
434 2425 528 2488 modo
550 2426 822 2508 praepositionum
844 2424 1090 2508 significationes
1105 2423 1261 2488 definiant

160 2536 194 2593 et
215 2532 369 2605 tractent;
392 2547 491 2609 quum
512 2526 583 2607 ipsa
605 2528 687 2590 ratio
711 2528 822 2610 quales
843 2528 905 2591 hac
926 2527 960 2590 in
982 2548 1016 2591 re
1039 2547 1072 2590 se
1089 2526 1261 2591 ostendunt

161 2650 272 2693 ansam
295 2628 386 2692 nobis
407 2626 562 2710 praebeat
583 2628 797 2711 dijudicandi,
818 2634 940 2711 quanta
963 2627 1060 2692 fuerit
1081 2627 1205 2692 indoles
1228 2631 1260 2690 et

159 2733 207 2795 ris
234 2751 344 2795 eorum
373 2729 512 2813 ingenii,
555 2735 663 2794 tamen
692 2730 860 2795 censebam
890 2731 1060 2815 praecipue
1090 2735 1260 2811 poetarum
1340 2727 1346 2733 ’

159 2833 387 2918 proprietatem
417 2832 641 2914 ingeniumque
669 2852 732 2895 non
760 2832 865 2897 minus
893 2839 980 2897 certo
1009 2831 1185 2913 intelligis
1208 2851 1258 2893 ra

159 2936 258 3012 tione,
297 2953 361 3015 qua
383 2933 635 3014 praepositiones
657 2933 898 3014 collocaverint,
931 2955 996 3017 qna
1018 2953 1129 2998 earum
1151 2939 1260 3015 partes

153 3035 357 3120 gravioribus
379 3034 549 3112 vocabulis,
580 3040 616 3098 ut
638 3035 811 3118 adjectivis,
834 3036 1018 3120 participiis,
1042 3035 1258 3113 substantivis

161 3136 372 3220 expleverint,
397 3158 461 3218 qna
483 3137 732 3219 praepositiones
754 3140 848 3202 certis
870 3138 992 3220 legibus
1014 3138 1181 3201 omiserint
1204 3144 1261 3200 aut

160 3239 392 3304 cumulaverint
413 3244 470 3301 aut
492 3237 626 3319 adjectis
640 3238 768 3302 vocibus
783 3239 1064 3317 corroboraverint,
1089 3260 1153 3321 qua
1168 3261 1261 3322 prae-

160 3342 331 3426 positiones
354 3339 438 3403 inter
460 3360 493 3403 se
516 3342 797 3420 commutaverint,
827 3362 891 3423 qua
912 3341 1010 3405 verba
1032 3341 1189 3424 simplicia
1213 3342 1260 3404 di-

160 3443 331 3519 stinxerint
359 3463 379 3505 a
407 3442 589 3523 compositis
618 3448 650 3505 et
672 3463 753 3524 quae
776 3449 851 3506 sunt
874 3443 999 3506 similia.
1046 3443 1150 3519 Quum
1173 3444 1261 3507 enim

162 3606 199 3615 ...-
210 3605 265 3611 -m-
278 3604 353 3611 .........
361 3606 366 3610 .

232 3697 251 3763 ¹)
276 3694 350 3761 ¹Non
367 3694 439 3747 solas
457 3695 607 3748 Hermauni
626 3700 654 3748 ct
672 3696 808 3750 Dindorfii
826 3697 960 3750 editiones
981 3699 1188 3750 accuratissime
1207 3698 1260 3752 hac

159 3785 189 3836 in
206 3800 237 3837 re
253 3783 375 3850 respexi,
393 3784 442 3836 sed
460 3800 552 3836 omnes
571 3785 704 3838 editiones
721 3788 849 3853 respectu
868 3784 974 3854 dignas,
994 3789 1022 3838 et
1041 3785 1260 3855 dissertationes,

162 3870 317 3938 quaemihi
335 3869 370 3926 ad
387 3885 499 3922 manum
518 3876 603 3925 erant.

231 3974 254 4041 2)
290 3991 344 4041 quo
368 3991 449 4042 opere
473 3977 583 4044 egregie
608 3980 636 4029 et
659 3976 803 4043 splendido
822 3978 979 4046 saepissime
997 3995 1062 4030 usus
1082 3996 1141 4030 sum
1161 3979 1260 4045 cuique

161 4061 299 4130 permulta
319 4061 412 4115 debeo.
