2856 4776
702 406 739 466 ru

164 593 322 666 tineas)“.
366 590 477 654 Priore
499 592 663 671 potestate·
678 588 781 652 utitur
803 589 836 651 in
851 587 963 671 fragm.
987 593 1000 650 l
1023 580 1076 652 όεὶ
1094 583 1270 674 φυλάσσων

164 691 222 781 τὴν
243 689 328 779 όπὲρ
352 687 455 777 πυρὸς
477 686 610 767 στόσιν;
632 691 688 772 Ag.
715 695 776 753 576
799 684 883 775 ὑπὲρ
905 686 1079 776 θαλάσσης
1101 687 1156 754 καὶ
1181 693 1266 770 χθο-

165 792 220 872 νὸς
248 791 454 876 ποτωμένοις
461 821 472 872 ,·
508 793 610 856 altera
647 793 679 855 in
718 793 775 876 Ag.
807 797 867 856 365
900 788 993 868 ὅπως
1022 786 1061 856 dv
1090 788 1171 879 μήτε
1203 790 1269 877 πρὸ

166 901 280 984 καιροῦ
310 891 391 983 μηθ’
412 890 496 981 ὑπὲρ
526 886 654 980 όστρων
681 890 779 976 βέλος
809 890 966 982 σκήψειεν
995 894 1049 967 (of.
1073 894 1268 960 Schneidew.

168 1001 208 1064 ad
221 1022 247 1064 v.
259 1004 337 1074 350;
362 999 401 1063 de
409 998 601 1082 conjecturis
617 998 860 1080 supervacaneis
869 998 1004 1061 aliorum
1016 995 1128 1061 Jahn's
1136 996 1269 1062 Jahrbb.

166 1107 214 1180 71,
239 1105 297 1165 311
323 1122 409 1183 sqq.;
447 1122 476 1164 v.
508 1106 542 1163 et
571 1099 725 1164 absonam
753 1100 1044 1182 interpunctionem
1075 1099 1181 1162 Bothii
1214 1100 1270 1183 qui

165 1223 288 1267 comma
318 1203 426 1285 posuit
455 1207 530 1285 post
557 1195 640 1285 ὕπερ
672 1206 708 1263 ut
736 1202 929 1286 praepositio
958 1221 1016 1284 per
1044 1222 1078 1264 se
1101 1203 1186 1284 stet).
1232 1201 1270 1265 In

165 1305 258 1368 Eum.
282 1311 320 1368 77
353 1304 491 1368 editores
513 1303 705 1366 recentiores
727 1323 836 1367 omnes
857 1303 923 1367 fere
946 1298 1070 1366 πόντου
1093 1304 1177 1386 quod
1201 1303 1266 1368 Me-

166 1407 275 1471 dioeus
298 1404 355 1469 dat
376 1411 543 1469 mutarunt
564 1407 597 1469 in
620 1400 752 1484 πόντον,
777 1406 854 1487 quia
874 1427 938 1470 non
961 1410 1045 1470 esset
1065 1425 1180 1470 caussa
1201 1405 1269 1470 ido·

166 1528 227 1572 nea
255 1529 312 1571 our
341 1527 449 1570 casum
481 1508 620 1571 variasse
648 1513 743 1591 poeta
772 1509 934 1591 putandus
956 1514 1047 1572 esset.
1093 1507 1156 1572 Sed
1178 1507 1270 1572 dubi-

164 1610 226 1674 tari
249 1611 362 1693 nequit
384 1609 462 1692 quin
484 1608 646 1673 Wieseler.
672 1610 724 1690 „in
748 1610 961 1692 conjectaneis
985 1611 1025 1674 ad
1048 1610 1160 1674 Eum.“
1184 1632 1215 1693 p.
1230 1613 1269 1673 18

164 1718 287 1776 rectum
299 1711 457 1776 invenerit
472 1711 527 1793 qui
550 1705 674 1775 πόντον
696 1712 842 1795 genetivo
865 1713 986 1775 intanto
1002 1712 1113 1777 relicto
1134 1733 1192 1795 pro
1214 1706 1270 1774 καί

163 1815 271 1897 posuit
291 1809 384 1877 κατό.
443 1812 527 1877 Nam
553 1813 681 1878 Orestes
703 1813 812 1898 fugere
836 1835 899 1878 non
920 1820 1028 1897 potest
1050 1835 1144 1895 super
1166 1813 1266 1887 urbes,

165 1915 219 1978 sed
243 1934 337 1997 super
357 1935 445 1978 mare
462 1936 522 1998 per
543 1915 684 1997 ω’κχωλσσ
705 1916 814 1992 ardes,
849 1921 886 1979 nt
908 1936 947 1980 ex
970 1937 1034 1979 una
1055 1915 1134 1980 urbe
1157 1935 1269 1998 perve-

166 2017 249 2080 niret
273 2017 305 2079 in
328 2015 443 2095 aliam3
466 2015 505 2080 of.
529 2016 610 2081 Mne.
632 2011 778 2081 Rhenan.
803 2021 831 2096 6,
857 2020 927 2080 176.
973 2018 1012 2081 ln
1035 2018 1120 2099 Sept.
1139 2020 1179 2080 88
1201 2018 1266 2101 βοᾷ

164 2109 194 2180 δ’
207 2112 292 2203 ὑπὲρ
313 2117 443 2199 τειχέων
465 2113 484 2183 ὁ
506 2112 686 2196 λεύκασπις
706 2111 837 2204 όρνοται
860 2106 940 2194 λαὸς
963 2115 1022 2183 ἐπὶ
1045 2114 1158 2198 πόλιν,
1182 2112 1267 2202 ὑπέρ

162 2219 340 2302 significare
362 2241 428 2286 uon
449 2241 541 2305 posse
566 2226 700 2304 „super“
725 2226 873 2304 apparet,
897 2242 994 2303 quum
1017 2222 1163 2313 hostium·
1179 2240 1268 2284 exer·
1363 2280 1381 2302 ,.

162 2323 243 2387 nitus
266 2323 409 2389 nondum
431 2323 473 2388 ad
494 2344 603 2387 muros
626 2325 802 2403 accesserit,
825 2323 881 2388 sed
904 2343 921 2386 e
944 2323 1116 2407 longinquo
1140 2329 1268 2414 tantum

162 2445 181 2487 a
196 2424 293 2489 choro
316 2425 530 2508 conspiciatur
547 2424 745 2509 (Dindorfins
760 2424 860 2508 praef.
876 2447 907 2508 p.
922 2426 1021 2502 XIV).
1066 2425 1177 2506 Neque
1192 2444 1267 2488 vero
1317 2418 1323 2427 “

163 2527 345 2608 oonjeetnra
367 2548 446 2611 opus
467 2532 516 2592 est
537 2529 614 2610 qnia
635 2522 719 2613 ὑπέρ
742 2547 837 2610 saepe
860 2527 958 2590 etiam
981 2531 1030 2590 est
1057 2530 1184 2606 „trans“
1209 2525 1268 2589 im·

162 2627 272 2709 primis
294 2627 380 2712 apud
394 2629 567 2694 Homerum
578 2630 607 2714 1)
629 2629 679 2714 (ll.
693 2631 727 2708 Σ,
740 2630 815 2710 228)
825 2649 832 2708 3
842 2665 846 2673 ·
857 2627 896 2692 of.
911 2630 1008 2693 etiam
1020 2633 1154 2711 „super“
1181 2626 1267 2712 apud

163 2728 295 2793 Latinos
302 2729 384 2815 (Liv.
394 2735 443 2810 33,
454 2736 515 2811 15).
551 2731 655 2796 Aliter
662 2729 778 2814 Bergk.
789 2730 947 2814 judicavit
961 2730 995 2794 in
1005 2729 1120 2796 Philol.
1132 2734 1267 2811 16,607;

162 2829 296 2896 fortasse
324 2837 432 2896 autem
454 2831 627 2917 Hartungii
649 2834 834 2917 conjectura
855 2832 1023 2916 probanda
1044 2838 1094 2897 est
1116 2832 1155 2896 de
1177 2853 1267 2897 oaus-

162 2934 203 2997 sis
226 2934 267 2998 ad
290 2954 408 2998 nexum
430 2935 664 3018 pertinentibus
687 2929 822 3012 στάντες
843 2929 928 3019 ὑπὲρ
951 2931 1082 3015 τειχέων
1105 2928 1157 3019 (ol.
1182 2935 1267 2999 Zeit-

164 3033 244 3097 sohr.
267 3034 320 3100 liir
342 3038 489 3102 listreioh.
513 3037 663 3120 Gymnas.
694 3043 740 3117 10,
765 3041 819 3118 54)
837 3040 875 3119 2).
898 3076 941 3086 -
969 3040 1004 3119 β)
1028 3036 1179 3119 Sequitur
1201 3043 1267 3102 tra

163 3135 248 3200 latus
269 3138 515 3222 praepositionis
536 3161 621 3204 usus.
668 3141 771 3222 Atque
795 3144 827 3223 ο)
849 3133 933 3224 ὑπέρ
956 3137 1107 3202 describit
1125 3139 1159 3202 id
1181 3139 1267 3221 quod

162 3239 195 3302 in
218 3240 357 3322 gratiam
380 3241 517 3325 alicujus
538 3244 584 3306 rei
606 3241 656 3307 vel
678 3262 834 3324 personae
857 3240 904 3304 fit.
956 3239 1048 3306 Eum
1077 3243 1133 3305 101
1158 3234 1267 3318 οὐδεὶς

232 3455 252 3522 ¹)
287 3454 380 3508 Etiam
399 3455 582 3523 compositum
604 3450 785 3522 ὑπερπόντιος
802 3456 854 3524 Ag.
873 3456 925 3506 414
944 3454 1016 3507 hano
1035 3453 1264 3522 significationem

160 3544 263 3594 tuetur.

230 3628 253 3696 2)
288 3629 320 3680 In
342 3630 393 3697 Ag.
413 3630 443 3680 51
470 3630 598 3696 αἰγυπιοὶ
622 3623 723 3680 ὕπατοι
746 3631 846 3697 λεχέων
870 3627 1134 3697 στροφοδινοῦνται,
1163 3624 1266 3680 ὕπατοι

161 3733 184 3768 ο.
204 3732 266 3784 gen.
285 3716 435 3769 insolenter
460 3717 571 3783 quidem
592 3716 698 3769 dietum
721 3721 775 3784 est,
804 3717 853 3770 sed
877 3717 936 3769 sine
960 3716 1044 3770 dubio
1070 3715 1105 3767 eb
1129 3716 1266 3785 Aeschylo
1302 3721 1303 3724 ’

160 3801 315 3871 profectum
331 3820 421 3871 neque
439 3804 593 3855 temerariis
612 3805 777 3873 conjecturis
796 3803 967 3856 tentandum.
1010 3801 1082 3856 Nem
1105 3796 1208 3854 ὕπατοι
1222 3806 1266 3856 λε-

157 3893 232 3958 χέων
247 3891 288 3943 ita
311 3891 424 3958 ponitur
446 3907 497 3958 pro
520 3885 589 3961 ὑπὲρ
613 3894 713 3959 λεχέων
736 3895 768 3943 ut
791 3890 872 3943 simul
895 3889 962 3942 insit
986 3890 1064 3944 notio
1089 3891 1264 3959 superlativi:

161 3977 274 4031 vulturii
300 3995 384 4047 supra
417 3977 520 4031 cubilia
551 3980 668 4032 sublime
691 3979 787 4032 volant
812 3977 957 4046 (Weiliue).
994 3976 1028 4032 ol.
1055 3979 1139 4032 etiam
1165 3978 1263 4034 Philol.

163 4065 203 4133 12,
224 4067 285 4118 432.

1002 4171 1034 4223 2*
