2856 4776
689 388 730 449 47

163 594 199 637 ro
222 568 258 636 ἐκ
277 572 310 636 in
334 571 383 635 his
399 571 581 654 compositis
603 573 635 652 a)
651 570 840 654 plerumque
854 573 975 637 exitum
991 572 1042 637 vel
1057 572 1265 636 remotionem

164 695 204 740 ex
225 668 299 739 ΙοαοΑ
317 674 367 738 vel
386 694 422 737 re
444 673 584 755 quadum
606 679 641 736 et
661 674 695 737 in
717 675 848 757 propria
868 681 901 738 et
921 678 954 738 in
970 675 1092 739 tralata
1106 674 1266 758 significu-

162 777 265 855 tione,
293 777 384 839 utin
408 771 583 857 ἐκβαίνειν,
607 769 792 857 ἐκβάλλειν,
822 773 1036 860 ἐκθρώσκειν,
1069 773 1264 858 ἐκπέμπειν,

163 872 348 956 ἐκπίπτειν,
373 873 571 963 ἐξέρχεσθαι,
588 872 719 960 ἐξάγειν,
736 874 869 942 ἐκπνεῖν
884 873 971 961 (βίον
986 880 1043 964 Ag.
1059 883 1148 958 1493,
1169 884 1265 959 1517ς

162 981 268 1046 Prom.
299 984 360 1044 359
393 976 543 1065 κεραυνὸς
576 975 721 1043 ἐκπνέων
752 976 901 1067 φλόγα),
944 981 1048 1044 Pium.
1083 985 1144 1044 535
1183 974 1267 1045 ἄλλά

162 1103 221 1164 μαι
249 1073 323 1145 τάδ’
349 1077 482 1163 ἐμμένοι
508 1077 565 1145 καί
585 1073 707 1167 μήπαέ
730 1077 878 1168 ἐκτακείη
908 1102 967 1162 „ex
992 1103 1044 1146 me
1074 1081 1200 1146 effluut“
1221 1087 1264 1163 Ιις

57 1242 59 1250 .
163 1181 297 1249 ἐκπλεῖν
326 1205 385 1264 „ex
406 1189 501 1266 portu
522 1183 649 1263 evehi“;
685 1180 900 1271 ἐκπλήσσειν,
932 1180 1071 1263 ἐκλύειν,
1100 1180 1266 1270 ἐκφεύγειν

164 1293 223 1350 ete.
268 1287 371 1351 Locus
392 1286 477 1350 unde
498 1286 597 1349 motio
620 1284 657 1349 fit
679 1287 784 1350 autin
799 1286 1098 1370 genetivoponitur,
1122 1291 1179 1350 ant
1195 1285 1265 1365 (sed

165 1390 264 1453 multo
285 1389 403 1471 rarius)
426 1393 575 1453 enotatur
597 1387 722 1471 adjecto
744 1385 789 1451 ἐκ.
818 1388 922 1453 Prom.
940 1393 1002 1452 909
1026 1384 1063 1451 ἐκ
1078 1382 1266 1472 τυραννίδος

167 1486 349 1574 ἐκβάλλεινς
372 1494 434 1554 956
457 1487 609 1553 eruite
624 1511 665 1553 se.
682 1484 859 1576 περγάμων
873 1485 1058 1554 ἐκπίπτειν.
1104 1489 1166 1554 Vix
1189 1489 1269 1555 addi·

164 1614 245 1678 opue
266 1580 315 1658 eet
336 1593 471 1677 simplex
492 1592 623 1657 verbum
645 1591 758 1657 addita
779 1598 853 1656 unte
876 1593 1110 1658 substantivum
1131 1612 1266 1674 praepo*

162 1696 277 1770 sitione
298 1717 362 1760 non
385 1696 491 1759 minue
513 1714 607 1777 saepe
629 1695 764 1759 inveniri
788 1716 884 1777 quum
899 1695 1110 1778 compositum
1126 1715 1197 1759 eum
1214 1715 1264 1759 so·

162 1799 194 1864 lo
217 1800 377 1882 genetiv03
400 1797 440 1862 ef.
464 1802 502 1861 ut
522 1817 628 1881 peuce
649 1792 894 1861 efferumlrlew
915 1794 952 1859 ἐκ
974 1797 1080 1860 Prom.
1102 1800 1174 1874 509,
1192 1800 1264 1875 770,

162 1904 239 1981 872;
263 1895 387 1964 ἐκλύειν
408 1894 497 1976 τινός
519 1899 621 1962 Prom.
647 1901 717 1976 235,
741 1901 812 1976 326,
837 1902 915 1978 339;
946 1899 1045 1962 etiam
1067 1894 1156 1962 λύειν
1177 1893 1267 1974 τινός

161 2005 266 2068 Prom.
295 2006 391 2083 1000;
429 2001 539 2085 Suppl.
567 2004 662 2078 10663
699 1993 824 2082 βαίνειν
846 1995 884 2064 ἐκ
906 2022 995 2076 τινας
1016 1999 1093 2064 Cho.
1118 2003 1173 2078 223
1209 1995 1264 2062 ἐκ·

160 2100 286 2188 βαίνειν
307 2098 396 2180 τινός
423 2105 479 2187 Ag.
503 2107 574 2182 906,
601 2105 698 2182 1039;
735 2097 876 2167 πίπτειν
895 2097 933 2168 ἔκ
953 2125 1042 2179 τινος
1070 2103 1162 2166 Eum.
1189 2107 1246 2166 147
1256 2122 1269 2183 ;·

161 2207 240 2275 eno.
265 2211 341 2286 1853
356 2206 451 2270 Peru.
475 2209 553 2285 3133
576 2199 754 2270 ἐκπίπτειν
775 2226 864 2282 τινος
885 2205 990 2271 Prom.
1009 2210 1081 2284 750,
1105 2210 1177 2284 757,
1201 2209 1265 2270 948

161 2317 221 2376 etn
264 2309 375 2392 Neque
396 2308 430 2372 id
452 2308 597 2391 ignotum
619 2313 673 2372 eet.
689 2307 871 2392 genetivum
894 2308 1011 2391 quiex
1033 2308 1265 2377 sententiarum

161 2433 244 2476 nexu
267 2411 361 2477 facile
384 2410 609 2489 subaudietur,
632 2428 727 2494 saepe
749 2411 868 2490 omitti3
903 2409 943 2476 cf.
967 2411 1024 2493 Ag.
1049 2413 1127 2488 27ος
1159 2408 1266 2474 Prema

164 2518 235 2580 505.
279 2513 361 2579 Cum
388 2514 419 2577 vi
447 2512 543 2577 locali
574 2512 672 2577 etiam
699 2513 783 2577 eliae
809 2513 952 2577 rationes
973 2517 1061 2576 arete
1083 2510 1267 2590 cohaerent,-

163 2621 201 2680 ut
218 2610 412 2704 ἐλκρουσιος
437 2615 583 2681 indicens
610 2614 858 2698 prominentiam
889 2634 941 2679 ex·
957 2635 991 2678 re
1019 2613 1148 2679 subdita
1174 2611 1263 2696 Sept.

162 2720 241 2798 5423
263 2713 423 2804 ἐκκριτας,
448 2710 617 2803 ἐκπρεπής
639 2735 699 2796 „ex
721 2716 833 2781 multis
853 2716 982 2796 electus,
1006 2717 1161 2781 enitens.“
1204 2715 1266 2780 Fe-

161 2821 221 2908 eile
249 2820 442 2904 intelligitur
470 2820 526 2902 qui
552 2817 623 2882 fieri
645 2819 785 2902 potuerit
806 2825 844 2883 ut
864 2818 898 2882 in
920 2814 1110 2883 ἐκκλέπτειν
1131 2823 1165 2883 et
1190 2813 1263 2903 ἐξη-

160 2925 339 3005 pereae-2)
364 2923 506 3006 Agsssne
528 2922 616 2987 notio
638 2921 716 2986 insit
737 2920 877 3001 „furtim
900 2920 987 2986 lente
1010 2921 1175 2987 edueeru.“
1215 2918 1265 2984 De

163 3022 250 3087 verbi
278 3020 486 3111 ἐκμαρτυρεῖν
513 3022 695 3107 significatu
722 3026 789 3106 (est
809 3023 965 3088 terminus
992 3023 1172 3103 techniuus)
1199 3021 1263 3087 vid.

164 3168 366 3191 -ι-ὑ--σ-ῇ-

213 3264 216 3269 ’
233 3267 254 3336 1)
289 3267 453 3338 Oppositum
474 3273 517 3324 eet
539 3267 715 3334 ἐντετηκέναι.
751 3267 814 3322 vin.
832 3267 914 3337 Soph.
933 3267 976 3322 El.
998 3269 1063 3322 1311
1083 3266 1119 3322 'et
1135 3264 1262 3340 Brun'ek3

162 3356 260 3409 Trueh.
278 3357 331 3410 468
350 3360 378 3410 et
394 3357 563 3412 Schneidew.
787 3358 789 3362 ’
1079 3378 1082 3383 ·

231 3443 254 3510 2)
288 3443 330 3497 De
347 3445 430 3498 variis
448 3444 614 3513 conjecturis
637 3445 672 3498 ed
696 3445 771 3497 hune
794 3443 1265 3512 versumexeogitutiecf.Ah1-en·

161 3530 231 3583 sium
249 3530 278 3581 in
296 3530 394 3584 Philol.
407 3531 500 3600 Suppl.
513 3533 535 3587 Ι.
547 3550 574 3601 p.
584 3534 644 3585 545.
680 3531 853 3584 Hermannue
872 3531 1090 3584 emendationem
1108 3525 1259 3600 ἐξηγήσατο

159 3617 222 3684 jure
239 3615 365 3670 defendit
377 3621 473 3670 eontra
485 3618 695 3673 Blomfieldium.
732 3620 793 3674 Una
810 3636 854 3672 ree
873 3635 942 3687 quae
960 3620 1051 3688 ipsum
1068 3619 1184 3673 dubium
1201 3621 1263 3673 red·
1296 3611 1299 3616 ⁴

161 3705 214 3773 dit,
234 3704 308 3773 quod
326 3703 356 3761 ἐξ
373 3703 454 3756 uliter
469 3705 498 3757 in
516 3702 665 3776 ἐξηγήσαιο
684 3723 766 3774 quam
784 3707 812 3758 in
831 3706 972 3773 ἐξέκλεψεν
990 3705 1096 3760 dietum
1113 3705 1165 3773 nt,
1184 3707 1266 3775 perri·

159 3792 243 3861 pretii
261 3795 312 3846 est,
346 3790 459 3844 Etenim
483 3793 506 3846 ei
527 3791 687 3863 ἐξηγεῖσθαι
710 3794 817 3846 dnobus
834 3792 902 3846 loeis
920 3794 949 3844 in
967 3792 1033 3846 Oed.
1051 3792 1107 3846 001.
1126 3794 1258 3846 exstenti-

160 3880 212 3934 bue
230 3880 270 3932 ite
288 3882 451 3948 usurpatum
470 3884 524 3948 est,
544 3885 576 3933 ut
594 3879 623 3938 ἐξ
639 3881 806 3949 superfluum
823 3881 963 3949 videatur,
983 3880 1048 3933 inde
1064 3896 1120 3933 non
1138 3881 1264 3948 sequitur!

161 3967 213 4022 hoe
230 3968 333 4036 ubique
355 3969 395 4020 ite
418 3984 486 4022 enee.
522 3967 681 4036 ἐξηγεῖσθαι
702 3967 823 4036 perbene
847 3967 1004 4038 significare
1033 3972 1127 4037 potest
1152 3967 1263 4022 »furtim

163 4052 302 4125 euenere,
319 4059 351 4109 ut
369 4052 526 4108 ἐκκλέπτειν
546 4057 634 4111 »elem
650 4073 816 4111 removere«.
