2856 4776
691 394 732 462 tt

160 584 206 648 eis
227 604 309 667 quae
331 581 529 667 praecedunt
551 582 762 666 supplendum
785 587 848 662 est3
872 581 951 648 haee
966 584 1064 648 verba
1079 604 1142 648 non
1167 585 1262 668 signi-

160 686 260 750 fiuant
292 686 542 768 „navigaverunt
571 687 774 768 vestigiorum
811 686 1104 767 consequendorum
1136 691 1264 766 eausa“‚

161 787 216 851 sed
249 787 402 869 „vestigia
423 794 590 869 sequentes
612 789 847 870 navigationem
869 787 1030 852 fecerunt“
1056 788 1108 869 (ei.
1134 787 1184 852 So.
1210 789 1261 871 Aj.

163 892 202 952 32
225 881 294 953 κατ)
303 882 390 968 ἴχνος
403 881 522 976 ᾄσσω);
547 889 651 953 Prom.
669 892 730 953 697
753 880 867 966 duom
890 885 1050 975 δεδορκὼς
1069 885 1145 966 τοὺς
1167 886 1264 971 ἐμοὺς

161 985 244 1054 κατὰ
266 985 398 1073 στίβους
428 991 540 1055 eodem
569 991 662 1056 modo
690 989 838 1074 explices.
862 1028 904 1038 -
942 991 994 1055 Ita
1018 991 1115 1055 etiam
1143 992 1182 1056 de
1211 993 1264 1056 via

162 1092 278 1156 dieitur
292 1113 365 1176 ‘per
392 1113 490 1175 quam
521 1093 572 1157 vel
600 1093 634 1156 in
663 1113 728 1175 qua
758 1095 823 1157 itur
850 1088 943 1157 Eum.
970 1097 1050 1157 1042
1085 1087 1163 1157 καθ’
1188 1089 1264 1158 ὁδόν

163 1198 336 1274 „tenentea
360 1201 530 1278 sequentes
551 1195 654 1258 viam“
676 1198 711 1276 1).
734 1232 777 1241 -
806 1195 867 1273 Qui
890 1212 965 1259 usus
987 1195 1064 1258 dum
1086 1195 1265 1278 generalior

161 1295 374 1361 reddatureo
396 1296 485 1361 duait
506 1301 543 1360 ut
563 1293 647 1360 κατά
669 1294 865 1381 adipiscatur
887 1297 1050 1362 notionem
1067 1297 1264 1362 diffundendi

162 1418 219 1480 per
240 1397 345 1463 iocum
370 1398 489 1478 „durch
510 1436 553 1446 -—
575 1399 662 1479 hint,
686 1405 718 1464 et
740 1400 838 1464 etiam
859 1399 943 1479 „in“,
971 1398 1057 1483 apud
1080 1400 1177 1464 verba
1198 1420 1265 1464 mo-

163 1500 257 1563 vendi
278 1505 311 1564 et
333 1500 530 1583 quiescendi,
565 1502 621 1565 ita
639 1522 714 1566 vere
737 1508 774 1566 ut
796 1500 1000 1586 cogitandum
1023 1501 1065 1565 ait
1087 1502 1126 1565 de
1150 1499 1265 1565 diffun-

163 1601 266 1666 dendo
288 1622 345 1683 per
366 1607 489 1666 eertum
511 1604 673 1686 quoddam
695 1604 851 1688 spatium,
884 1605 919 1668 in
949 1592 1070 1667 eeitam
1100 1603 1265 1685 quandam

163 1702 387 1783 directionem,
422 1724 486 1786 qua
515 1706 641 1769 ratione
673 1705 840 1788 aliquanto
869 1704 977 1770 differt
1007 1698 1090 1766 κατά
1123 1705 1163 1768 ab
1192 1697 1264 1768 daei.

163 1803 225 1868 Sed
259 1810 296 1868 ut
327 1805 397 1888 jam
425 1825 523 1889 supra
551 1809 882 1887 commemoravimuS,
921 1808 987 1872 eive
1021 1812 1165 1888 tempore
1200 1807 1265 1869 sive

163 1907 267 1970 eausis
287 1907 421 1972 internis
443 1906 563 1972 factum
586 1914 635 1972 est
656 1914 693 1973 ut
713 1909 905 1992 praepositio
928 1909 1033 1972 minus
1055 1905 1144 1971 finite
1166 1928 1288 1990 pona.

163 2013 230 2086 tur,
262 2008 333 2088 ,,ι’νι,
358 2010 419 2084 ad,
442 2010 562 2091 Juxta,
588 2009 691 2087 α’ναι,
716 2011 895 2094 erepioae“
920 2009 1055 2093 alicujus
1077 2010 1124 2072 rei
1145 2012 1266 2075 versari

162 2107 284 2193 aliquid
313 2110 468 2175 indicana
509 2113 553 2175 Ινι
578 2112 628 2177 val
651 2134 711 2195 per
732 2111 890 2197 signifieat
912 2110 998 2195 apud
1020 2110 1117 2175 verba
1139 2111 1265 2193 quietis,

163 2213 274 2278 eodem
296 2211 362 2276 fere
384 2233 479 2277 sensu
501 2234 565 2296 quo
588 2210 621 2277 ἐν
644 2234 670 2278 α.
691 2213 756 2278 dat.
802 2215 906 2279 Prom.
924 2217 985 2277 869
1008 2208 1089 2299 αὕτη
1111 2206 1266 2300 κατ”Άρ-

162 2337 218 2398 γος
240 2314 292 2399 (ef,
311 2316 368 2398 Ag.
386 2320 427 2380 24
450 2308 625 2402 ἐν’Ἀρνιις
647 2317 739 2381 Eum.
758 2319 832 2400 654)
854 2311 1025 2399 βασιλικόν
1047 2312 1132 2395 τέξει
1152 2312 1263 2398 ydros,-

166 2418 251 2501 Sept.
276 2423 296 2481 6
323 2413 407 2481 κατὰ
438 2413 558 2482 πτόλιν
585 2413 720 2499 ὑμνοῖτο
745 2420 797 2499 „iu
819 2424 889 2485 tata
911 2419 989 2483 urbe
1011 2417 1265 2498 celebraretur“;

167 2525 228 2584 250
250 2518 352 2605 μηδὲν
373 2513 468 2584 τῶνδ’
483 2517 566 2606 ἐρεῖς
587 2517 670 2584 κατὰ
692 2515 831 2601 πτόλιν,·
852 2522 909 2604 Ag.
928 2525 988 2585 595
1012 2511 1191 2602 ὀλολυγμὸν
1206 2512 1267 2585 dt-

166 2622 221 2700 λος
242 2614 386 2686 ἄλλοθεν
407 2617 490 2686 κατὰ
513 2617 633 2686 πτόλιν
654 2617 810 2703 ἐλαοκονς
847 2623 933 2687 Pera.
961 2626 1042 2687 1070
1072 2615 1143 2686 κατ’
1165 2615 1266 2703 ὅστις
1333 2667 1336 2672 -

167 2728 226 2788 871
251 2720 335 2788 κατὰ
354 2721 486 2810 χέρσος
520 2728 580 2788 897
604 2720 688 2788 κατὰ
708 2725 825 2811 κλῆρον
845 2719 977 2788 Ἰαόνιον
1001 2725 1054 2804 „iu
1077 2723 1194 2790 finibus
1216 2726 1267 2790 Io·

166 2827 281 2907 nicia“;
305 2828 363 2910 Ag.
389 2832 451 2892 243
474 2822 600 2913 πατρὸς
622 2820 692 2890 κατ’
713 2819 877 2912 ἀνδρῶνας
898 2820 1060 2912 όμελψινς
1087 2826 1179 2890 Eum.
1204 2831 1264 2891 901

166 2924 249 2992 κατὰ
275 2921 369 3009 χθόν’
396 2918 479 2994 οὖσα
508 2929 560 3010 „in
591 2949 663 2994 mea
688 2935 776 2995 terra
798 2934 1035 3008 commorans“;
1069 2928 1179 3013 Suppl.
1204 2933 1267 2996 508

169 3026 279 3114 λιαρὸν
299 3020 478 3109 κατ’όλλσος
496 3026 551 3095 νῦν
565 3028 767 3117 ἐπιστρέφον
788 3026 864 3095 τόδε
886 3020 1042 3110 „consiste
1055 3031 1088 3094 in
1102 3031 1163 3095 hoc
1177 3037 1267 3096 vaste

168 3131 258 3196 luea“
284 3131 335 3209 (ef.
360 3132 410 3198 So.
434 3134 483 3197 El.
508 3139 568 3198 561
592 3127 719 3212 παίζων
740 3126 810 3196 κατ’
832 3125 965 3215 όλσος);
997 3131 1036 3212 ir,
1063 3136 1132 3211 169,
1156 3136 1174 3195 2
1197 3124 1268 3196 κατ’

164 3225 280 3299 Ἰδαῖον
302 3229 409 3317 πόνον
430 3231 542 3318 βωμός
563 3232 644 3300 ἐστι.
695 3235 735 3300 Si·
750 3229 834 3299 κατά
854 3234 973 3318 pendet
1001 3254 1042 3298 ex
1067 3234 1203 3298 articula
1231 3241 1268 3300 ut

167 3339 224 3420 Ag.
250 3341 311 3402 578
340 3341 436 3415 θεοῖς
464 3340 535 3414 τοῖς
564 3330 634 3401 κατ’
651 3332 808 3416 Ἑλλάδος
844 3337 935 3401 Eum.
969 3340 1049 3400 1015
1085 3331 1207 3412 πάντες
1235 3330 1268 3400 ολ

166 3433 249 3500 κατὰ
270 3435 406 3519 πνόλινς
438 3441 496 3523 Ag.
520 3440 580 3505 427
605 3437 646 3503 τὰ
668 3432 738 3504 κατ’
760 3432 885 3519 οἴκους,
920 3440 1017 3505 etiam
1038 3438 1126 3504 selue
1148 3439 1268 3522 geneti-

166 3558 224 3603 vus
246 3539 373 3605 admitti
394 3543 517 3623 putuit;
552 3542 607 3607 sed
627 3540 709 3606 illud
732 3542 826 3626 lange
847 3541 983 3624 gravius.
1041 3539 1093 3604 Sic
1115 3541 1212 3604 etiam
1234 3539 1268 3604 in

168 3643 259 3706 Eum.
283 3646 346 3705 310
374 3635 455 3726 λάχη
482 3637 524 3704 τὰ
552 3636 622 3706 και)
645 3637 862 3730 α’νόριόποοςς
897 3649 959 3708 930
989 3637 1099 3706 πάντα
1127 3637 1168 3705 τὰ
1198 3634 1268 3706 κατ’

166 3738 375 3829 ἀνθρώπους,
399 3744 514 3827 quibus
536 3744 614 3810 loeis
635 3741 718 3809 κατά
742 3746 863 3826 „inter“
888 3746 930 3810 ad
952 3745 1117 3809 hominum
1138 3765 1267 3827 congre-

237 3975 256 4043 1)
293 3975 333 4027 De
351 3973 430 4027 Eum.
445 3971 477 4024 77
497 3967 568 4041 ὑπέρ
584 3989 613 4024 τε
631 3968 735 4024 πόντου
752 3969 820 4025 κατὰ
838 3963 902 4042 (nori
920 3975 977 4042 καὶ)
996 3968 1158 4044 περιρρύτας
1176 3968 1268 4032 πόλεις
1391 3997 1395 4016 ·

165 4063 200 4118 ei.
219 4079 251 4116 aa
269 4080 338 4134 quae
356 4063 407 4117 sub
425 4056 496 4132 ὑπέρ
514 4060 721 4130 disputavimus.
