2856 4776
694 379 733 441 21

163 567 214 633 So.
237 566 315 632 aed.
332 587 358 630 r.
378 567 436 644 187
460 583 533 628 cum
551 569 658 629 annot.
676 563 900 643 Schneidew.);
923 563 1009 629 Pers.
1026 571 1087 631 405
1112 571 1167 630 νῦν
1181 562 1265 654 ὑπὲρ
1316 595 1319 600 ·

161 664 295 734 πάντων
317 660 404 750 ἀγών
428 687 532 747 „nunc
553 666 660 749 agitur
682 665 721 730 de
744 664 920 744 omnibus“;
944 665 983 730 cf.
1007 667 1097 732 Pind.
1121 669 1159 733 N.
1178 673 1263 748 7,-40

162 767 250 854 μάχα
272 762 357 855 ὑπὲρ
378 771 487 854 κρεῶν.
533 768 619 850 (Vid.
648 772 681 832 et
702 767 853 832 Weilium
875 767 918 832 ad
938 767 1031 832 Eum.
1058 775 1141 850 101.)

248 870 287 954 b)
314 864 398 956 ὑπέρ
424 891 450 934 n
474 888 539 933 aec
564 871 771 953 conjunctum
794 868 942 933 indicans
963 869 1068 936 locum
1090 872 1145 954 qui
1168 871 1266 957 supra

141 975 305 1057 utiquam
332 993 401 1038 rem
428 977 480 1037 est
506 973 594 1056 apud
615 971 740 1036 Atticos
762 971 891 1036 omnino
914 992 978 1036 non
999 973 1174 1055 reperitur3
1210 973 1265 1039 sed

161 1076 248 1142 haud
269 1095 343 1139 raro
365 1095 438 1138 cum
460 1073 557 1139 verbo
577 1078 701 1139 motum
723 1071 915 1157 significanti
936 1094 1116 1140 connexum
1136 1075 1264 1157 legitur,

161 1184 198 1244 ut
225 1178 289 1243 vim
318 1175 438 1241 habeat
467 1173 626 1255 „dariiber
647 1174 734 1238 hin“.
779 1175 870 1238 Eum.
893 1178 956 1239 250
979 1169 1063 1260 ὑπέρ
1084 1199 1120 1241 τε
1134 1171 1265 1243 Ιπόντον

162 1273 321 1365 ἀπτέροις
343 1271 533 1362 ποτήμασιν
554 1265 677 1361 sitalem
707 1276 764 1358 Ag.
789 1279 850 1339 302
877 1269 992 1360 λίμνην
1019 1273 1047 1341 δ’
1069 1273 1153 1365 ὑπὲρ
1180 1285 1211 1342 Γ
1209 1304 1265 1366 ορ-

161 1386 269 1466 γῶπιν
291 1376 435 1466 ἔσκηψεν
458 1373 552 1465 φάος.
596 1377 776 1442 Discrimen
805 1377 890 1441 inter
916 1379 1095 1461 genetivum
1119 1386 1152 1446 et
1174 1403 1264 1449 accu-

163 1484 300 1548 sativum
321 1496 390 1546 esse
411 1501 475 1545 non
496 1480 648 1559 videtur3,
662 1499 822 1543 summum
843 1479 906 1543 dici
928 1488 1034 1563 potest
1055 1476 1139 1569 ὑπέρ
1154 1505 1263 1549 caco.

160 1587 265 1650 rarius
288 1605 357 1650 esse
380 1589 413 1649 et
434 1582 608 1650 motionem
630 1580 800 1646 dilucidius
815 1582 946 1665 pingere
961 1606 1059 1666 quam
1074 1587 1263 1669 genetivum

160 1694 197 1753 ut
216 1687 331 1752 eadem
352 1687 396 1751 sit
415 1685 500 1751 ratio
523 1704 605 1768 qnae
626 1683 796 1748 intercedit
817 1686 1105 1767 praepositionibus
1120 1685 1154 1752 ἐν
1169 1695 1201 1753 et
1215 1683 1264 1765 εἰς

161 1789 341 1874 conjunctis
362 1809 434 1852 cum
455 1786 560 1853 verbis
581 1784 721 1869 ponendi
744 1790 777 1848 et
798 1784 985 1852 collocandi.

245 1891 399 1973 Proprius
430 1909 507 1953 vero
537 1891 571 1952 et
597 1887 824 1952 usitatissimus
849 1890 1095 1971 praepositionis
1123 1885 1207 1972 όπόρ
1236 1914 1262 1954 c.

163 2014 226 2057 aec.
251 1990 448 2075 significatus
469 1991 497 2055 is
516 1996 567 2055 est
588 1994 625 2054 ut
645 1990 752 2054 locum
773 1994 883 2053 teneat
905 1992 991 2075 apud
1013 1991 1158 2064 notiones
1176 2013 1266 2059 men-

162 2115 256 2159 surae
278 2114 408 2158 sensum
428 2092 592 2159 involvens
614 2112 732 2174 „supra
752 2091 947 2172 modulumr,
967 2115 1037 2176 quo
1056 2115 1121 2159 non
1136 2094 1265 2161 differat

160 2217 181 2262 a
201 2194 289 2282 πέρα
309 2216 336 2261 ο.
361 2215 431 2279 gen.
455 2196 573 2276 (Prom.
592 2199 642 2273 30,
665 2198 746 2271 5073
769 2193 862 2259 Eum.
879 2200 942 2258 414
965 2191 1081 2282 πρόσω
1103 2191 1263 2272 δικαίων).

160 2300 222 2378 Qui
250 2319 329 2364 usus
357 2297 446 2381 apud
473 2301 602 2380 poetam
631 2295 730 2360 semel
752 2297 925 2379 reperitur,
958 2298 991 2361 in
1014 2300 1072 2382 Ag.
1097 2303 1158 2362 378
1180 2293 1264 2384 ὑπὲρ

159 2398 198 2466 τὸ
220 2397 411 2484 βέλτιστον,
449 2418 532 2481 quae
560 2398 679 2464 locutio
701 2399 816 2462 merito
839 2420 949 2463 omnes
970 2400 1036 2464 lere
1059 2399 1197 2465 editores
1219 2401 1275 2477 οἰ-Ι

160 2503 262 2567 lendit
282 2501 339 2584 qui
360 2500 591 2584 multiplicibus
613 2500 804 2583 conjecturis
826 2521 941 2566 sanare
965 2502 1165 2566 studuerunt.
1189 2539 1233 2551 -·

246 2603 331 2668 Loco
357 2603 392 2667 in
420 2602 506 2669 Peru
534 2608 594 2667 100
623 2597 724 2666 τόθεν
746 2595 914 2679 οὐκέστιν
936 2597 1020 2688 ὑπὲρ
1039 2599 1164 2668 θνατὸν
1186 2596 1264 2669 eto-

161 2705 260 2786 ξαντα
274 2705 389 2792 φυγεῖν
402 2703 608 2782 Burmannus
629 2704 771 2769 scholion
794 2705 911 2770 codicis
925 2693 1162 2789 Vitebergensis
1177 2727 1265 2774 sccu-

161 2815 213 2874 tus
233 2807 377 2872 restituit
397 2798 490 2889 tna
504 2806 592 2889 quod
612 2806 707 2873 multi
728 2827 895 2891 accepere;
932 2807 1076 2873 scholion
1096 2808 1179 2875 illud
1200 2831 1265 2876 non

160 2910 330 2993 antiquum
359 2928 428 2974 esse
455 2907 552 2975 facile
577 2909 771 2994 conspicitur
798 2915 831 2974 et
852 2910 1008 2993 probatur
1028 2931 1104 2975 voce
1125 2905 1263 2977 ὑπενδι-
1292 2944 1295 2959 ‹

162 3007 321 3099 δοόσκειν,
343 3030 518 3094 quaesere
540 3010 669 3077 demum
691 3012 870 3076 usuvenit.
917 3012 992 3077 Jam
1014 3017 1142 3077 constat
1163 3009 1264 3079 τόθεν

163 3112 228 3192 (vel
250 3106 367 3193 όθενῬ)
388 3112 645 3197 conjungendum
667 3134 735 3178 esse
758 3135 830 3177 oum
853 3105 1030 3194 ἆλόξοντα,·
1051 3114 1176 3193 deinde,
1197 3115 1264 3181 sive

162 3215 335 3281 scribemus
349 3207 354 3213 ’
368 3208 452 3301 ὑπέρ
481 3216 546 3280 sive
574 3209 675 3294 όπὲκ,
712 3216 827 3279 tmesin
855 3235 922 3278 esse
951 3215 1168 3295 statuendam3
1208 3217 1263 3296 (cf.
1335 3280 1340 3287 ,

161 3316 302 3384 Pierson.
326 3318 360 3381 in
376 3317 459 3382 Mus.
474 3317 564 3380 rhen.
589 3317 644 3396 XI,
671 3321 729 3382 111
754 3319 850 3400 sqq.),
874 3338 939 3401 qua
960 3318 1048 3405 notio
1071 3317 1264 3384 adverbialis

161 3419 277 3486 harum
298 3419 571 3504 praepositionum
594 3419 760 3503 aliquanto
782 3425 926 3503 augetun
966 3419 1000 3486 Si
1023 3419 1119 3499 verba
1139 3421 1208 3486 sola
1229 3421 1263 3486 in

157 3521 316 3605 judicium
338 3541 539 3601 vocaremus,
561 3527 595 3586 et
616 3514 700 3607 ὑπὲρ
723 3528 756 3586 st
777 3517 863 3588 όπέκ
882 3527 969 3588 reete
991 3521 1131 3587 haberet.
1177 3522 1263 3590 Illud

161 3623 378 3689 commendari
399 3624 525 3688 videtur
547 3623 626 3688 locis
648 3625 705 3708 Ag.
730 3628 810 3704 3583
833 3621 925 3688 Eum.
951 3627 1030 3702 5623
1054 3622 1164 3707 Suppl.
1184 3629 1261 3704 8743

159 3727 236 3791 Eur.
261 3725 377 3790 Bacch.
402 3729 481 3806 861,
517 3725 573 3791 ubi
599 3719 683 3809 ὑπὲρ
705 3726 845 3810 positum
867 3732 915 3790 est
937 3746 1035 3809 quum
1058 3725 1156 3789 etiam
1177 3720 1263 3791 όπέκ

161 3828 286 3914 egregie
316 3825 514 3894 convenisset
544 3828 737 3907 sententiae3
774 3827 835 3892 hoo
863 3828 969 3913 placet
996 3831 1127 3912 propter
1154 3847 1263 3893 vocem

161 3952 244 4015 quae
266 3930 428 3998 antecedit
449 3921 550 3993 τόθεν
573 3931 636 4011 [vel
658 3925 771 4014 ὅθεν),
795 3952 932 4015 quacum
954 3925 1039 3996 ὑπέκ
1061 3930 1168 4014 aptius
1189 3950 1262 3994 con-

162 4033 259 4098 sentit
281 4053 378 4116 quam
400 4026 494 4117 όπέρ.
540 4032 819 4117 Comprobaverim
841 4032 1019 4101 Hermanni
1040 4032 1262 4114 mutationem,
