2856 4776
662 373 701 435 81

132 554 237 619 rarius
268 555 323 620 sed
349 554 511 621 interdum
540 555 638 619 etiam
660 576 680 618 a
702 555 855 638 prosariis
877 550 932 620 διά
953 555 1001 621 ita
1023 556 1140 621 dicitur
1161 579 1234 622 oon-

128 659 277 740 junotum
299 678 370 724 cum
392 657 496 723 verbis
518 659 657 741 quietem
679 658 891 741 pingentibus,
915 662 951 721 ut
973 658 1014 722 ab
1038 655 1071 722 έν
1094 681 1157 723 non
1174 659 1234 724 dif-

131 759 223 823 ferat.
270 759 355 847 Sept.
382 765 443 823 593
471 762 614 842 βαθεῖαν
643 751 746 823 ἄλοκα
775 756 829 824 διὰ
858 757 975 846 φρενὸς
996 757 1230 847 καρπούμενος.

132 861 322 925 Usitatiores
350 867 442 925 erant
470 848 646 926 locutiones
669 862 780 944 quales
809 857 864 925 διὰ
885 859 977 948 χερὸς
1001 866 1126 949 (χερῶν)
1149 859 1232 943 ἕλξειν

132 964 184 1043 „in
207 985 304 1027 manu
327 969 455 1028 tenere“
498 964 607 1048 Suppl.
635 969 712 1043 1933
752 964 859 1047 paullo
882 966 1033 1030 audacior
1060 972 1108 1030 est
1136 966 1233 1048 dictio

132 1063 243 1151 φλέγει
272 1064 308 1129 δὲ
335 1060 470 1147 λαμπὰς
502 1062 557 1130 διὰ
582 1070 683 1152 χερῶν
706 1067 791 1150 Sept.
816 1071 878 1130 433
902 1066 1038 1150 „flagrat
1060 1068 1115 1132 fax
1137 1089 1242 1151 quam

132 1168 164 1231 in
187 1167 334 1232 manibus
357 1174 497 1251 gestat“;
536 1165 590 1232 διὰ
617 1165 709 1254 χερὸς
738 1166 835 1250 βέλος
864 1167 992 1255 φλέγων
1022 1176 1098 1250 513;
1136 1165 1234 1257 αἰχμὴ

131 1265 186 1332 διὰ
208 1273 314 1355 χεροῖν
336 1263 449 1347 αὐτοῖς
470 1268 594 1355 πρέπει
615 1271 701 1335 Pers.
720 1276 796 1351 2393
821 1271 935 1354 quibus
958 1271 1111 1355 exemplis
1134 1273 1234 1337 omni-

131 1371 190 1436 bus
213 1372 300 1436 locus
321 1373 492 1452 indicatur,
515 1394 580 1437 non
603 1374 859 1439 instrumentum.
883 1410 926 1420 —-

216 1499 417 1565 lbalationes
439 1501 536 1583 hujus
551 1500 748 1584 significatus
763 1507 894 1584 apertae
910 1504 998 1580 sunt3
1022 1500 1138 1582 quibus
1153 1521 1233 1566 sem-

130 1623 188 1685 per
216 1602 406 1668 describitur
435 1609 548 1668 motus.
595 1604 646 1668 Ita
667 1604 873 1687 pervulgares
895 1608 970 1667 sunt
993 1602 1169 1667 locutiones
1192 1596 1233 1668 δι’

131 1699 314 1786 ἀπεχθείας
336 1702 448 1769 έλθεῖν
470 1706 575 1770 Prcm.
596 1709 652 1768 121
670 1707 690 1769 i.
708 1727 735 1770 e.
760 1699 1015 1785 ἀπεχθάνεσθαι
1021 1731 1033 1784 ,·
1056 1702 1110 1768 διὰ
1131 1701 1235 1792 μάχης

131 1805 244 1884 τέλους
265 1803 353 1894 ἥκειν
382 1808 467 1892 Sept.
490 1812 551 1871 475
583 1808 603 1870 i.
625 1827 652 1870 e,
680 1803 864 1888 μάχεσθαι,
895 1828 1022 1890 pugnae
1044 1808 1177 1872 arbitrio
1200 1829 1234 1872 se

132 1912 346 1991 committere;
372 1911 405 1974 in
428 1910 543 1993 quibus
565 1910 635 1974 viae
659 1909 891 1993 adsignificatio
916 1910 1008 1974 inest.
1055 1909 1102 1972 De
1125 1907 1235 1992 hujus-

132 2013 254 2078 cemodi
275 2012 621 2096 circumscriptionibus
643 2035 670 2076 v.
694 2011 893 2094 Bernhardy.
916 2033 947 2095 p.
966 2015 1044 2090 235;
1068 2010 1179 2075 Elmsl.
1192 2013 1235 2077 ad

130 2116 207 2180 Eur.
230 2115 313 2180 Med.
332 2119 408 2196 8423
431 2115 625 2179 Brunckium
649 2115 690 2180 ad
713 2114 789 2179 Oed.
814 2136 839 2178 r.
865 2118 940 2193 7733
964 2113 1100 2198 Papium
1121 2115 1155 2178 in
1171 2113 1233 2179 lex·

130 2218 411 2302 mlpffla

215 2349 352 2414 thione
374 2348 565 2432 penetrandi
588 2348 736 2412 nituntur
756 2345 936 2429 permultae
959 2345 1132 2427 formulae,
1155 2368 1233 2431 qua-

131 2473 202 2514 rum
217 2450 390 2515 nonnullae
407 2450 583 2515 adverbiali
599 2449 717 2512 visunt
733 2448 908 2532 praeditae.
954 2449 1038 2512 Ante
1054 2449 1161 2513 omnia
1178 2447 1234 2515 διὰ

131 2552 244 2630 τέλους
266 2552 327 2633 „ad
349 2551 447 2616 finem
469 2573 588 2635 usque,
612 2551 758 2629 omnino,
781 2555 996 2616 constanter.“
1041 2551 1145 2615 Prom.
1171 2555 1232 2616 273

130 2651 175 2733 ὡς
195 2650 327 2741 μάθητε
350 2650 404 2718 διὰ
426 2651 539 2731 τέλους
559 2649 598 2717 τὸ
621 2655 705 2733 ττᾶν,·
728 2653 819 2717 Eum.
845 2658 885 2716 64
908 2648 963 2717 διὰ
985 2649 1098 2729 τέλους
1121 2651 1161 2717 δέ
1180 2673 1234 2718 σοι

130 2755 244 2842 φύλαξ.
285 2758 393 2822 Minus
401 2778 495 2841 saepe
504 2755 890 2841 apudAtticosinrenitur
899 2750 955 2818 διὰ
963 2750 1088 2832 παντός
1097 2757 1233 2820 eundem

130 2882 256 2926 sensum
272 2860 446 2925 involvens:
463 2862 567 2925 Prom.
585 2863 647 2924 283
664 2853 859 2934 διαπαντὸς
874 2849 1025 2939 duodecin
1048 2859 1152 2923 Prom.
1172 2862 1231 2922 975

131 2968 204 3049 νικᾷ
231 2957 261 3026 d'
293 2956 429 3047 ἀγαθῶν
456 2957 523 3049 έρις
549 2956 689 3049 ἡμετέρα
711 2956 766 3026 διὰ
789 2956 929 3040 παντός·
966 2960 1043 3025 Cho.
1069 2963 1140 3024 862.
1186 2961 1255 3036 si,

131 3066 206 3128 mile
229 3071 278 3128 est
300 3059 356 3126 διὰ
378 3059 471 3140 δίκας
492 3065 512 3127 i.
536 3085 562 3128 e.
588 3058 721 3140 ἄικαίως
751 3064 828 3128 cho.
853 3068 925 3126 786.
970 3062 1014 3126 Ut
1036 3061 1088 3126 hic
1110 3063 1161 3127 via
1182 3086 1233 3128 ra-

131 3168 240 3250 tioque
264 3164 455 3231 describitur
476 3186 534 3249 per
556 3186 653 3248 quam
674 3165 751 3248 quid
773 3164 825 3245 fit,
855 3166 900 3230 sic
922 3165 1019 3230 etiam
1041 3164 1075 3227 in
1097 3163 1135 3228 fr.
1160 3169 1232 3247 209,

132 3275 171 3351 6,
213 3270 267 3336 ubi
295 3268 392 3333 verba
419 3262 473 3332 διὰ
503 3266 585 3354 ζωῆς
612 3261 712 3349 α’τμοί
739 3268 836 3351 paulo
864 3267 1077 3332 obscuriorem
1105 3289 1233 3334 sensum

131 3375 311 3438 continent:
350 3371 490 3453 „halitus
517 3372 573 3455 qui
599 3370 761 3436 homiuem
790 3371 948 3436 viventem
975 3375 1008 3435 et
1037 3391 1151 3435 sanum
1179 3372 1233 3438 de-

132 3479 235 3537 cent.“

217 3604 244 3665 Α
267 3603 370 3686 spatio
392 3603 586 3685 permeando
610 3601 769 3667 deflexum
791 3607 840 3667 est
870 3623 941 3667 cum
970 3597 1026 3666 διά
1047 3604 1233 3687 temporalis

132 3703 373 3788 significationis
400 3705 484 3768 vices
512 3711 616 3784 tenet;
654 3704 709 3768 sed
736 3704 855 3787 duplex
884 3725 960 3768 usus
986 3704 1231 3787 discernendus3

132 3813 189 3872 aut
218 3809 303 3872 enim
336 3802 390 3870 διά
416 3806 539 3871 indicat
560 3807 712 3889 temporis
733 3806 980 3889 perpetuitatem
1004 3812 1040 3871 ut
1062 3809 1104 3872 sit
1126 3815 1232 3892 ‚‚per“,

131 3917 188 3975 aut
203 3909 406 3975 distantiam:
431 3909 524 3990 „inde
540 3931 568 3990 a,
591 3915 694 3993 post.“
737 3911 794 3992 Ag.
812 3912 874 3972 554
896 3903 952 3971 τὸν
969 3901 1010 3973 de'
1025 3904 1143 3987 αἰῶνας
1155 3907 1232 3998 χρό-

130 4037 185 4077 νον
207 4034 283 4097 „per
306 4018 407 4078 totam
430 4012 566 4092 vitam“;
590 4012 698 4098 Suppl.
717 4017 793 4092 5823
816 4012 908 4076 Eum.
927 4015 1006 4092 565;
1031 4013 1108 4078 Cho.
1126 4018 1166 4078 26
1190 4007 1233 4078 δι’

985 4133 1002 4182 6
