2856 4776
690 394 734 455 26

168 577 307 658 quodam
330 578 471 657 litoris“;
510 577 616 662 (longe
640 579 734 643 aliter
756 599 789 641 se
811 577 931 642 habent
953 578 1049 642 verba
1070 597 1201 660 prorsus
1223 575 1265 639 si-

164 679 254 744 milia
287 681 322 744 in
359 679 469 764 Suppl.
499 687 560 745 713
590 674 681 767 epod
708 673 778 744 άπὸ
807 683 935 766 σκοπῆς
960 674 1024 762 δρῶ
1050 678 1089 744 τὸ
1118 680 1262 763 πλοῖον).

164 781 321 865 Exempla
343 782 457 865 quibus
484 775 554 846 οἷπό
581 784 724 848 additum
748 788 796 847 est
817 783 997 848 notionibus
1019 783 1265 865 tranquillitatis

163 885 269 948 looum
304 885 465 949 denotans
492 885 577 950 unde
612 885 690 968 quid
722 885 788 949 exit
821 905 884 948 non
914 883 1016 948 multa
1048 886 1262 968 reperiuntur.

165 987 247 1052 Sunt
261 985 356 1050 haec:
381 985 490 1070 Suppl.
511 991 582 1052 713.
607 992 646 1052 63
670 980 777 1073 άηδιὺν
797 979 846 1050 δι’
868 979 938 1050 άπὸ
959 987 1089 1073 χλωρῶν
1112 983 1264 1053 πετάλων

164 1090 286 1153 πενθεῖ
307 1086 379 1152 νέον
400 1079 510 1153 οἶκτον
534 1089 689 1167 „luscinia
711 1110 793 1172 quae
816 1089 929 1154 sedens
950 1091 984 1154 in
1006 1090 1182 1156 virentibus
1197 1090 1264 1155 fru-

163 1190 279 1256 ticibus
301 1191 489 1274 quiritatum
512 1212 629 1255 novum
653 1191 771 1255 omittit
793 1212 833 1255 ex
854 1191 1036 1275 virgultis“;
1063 1197 1119 1256 101
1137 1197 1263 1279 μνῆμον

163 1283 229 1356 άνω
257 1287 407 1379 φρόνημά
436 1314 509 1369 πως
536 1286 679 1357 αὐτόθεν
708 1284 1016 1379 έξέπραξενέμπας
1043 1289 1184 1380 ἑδράνων
1205 1287 1263 1381 ἀφ’

155 1389 282 1478 -άγνών;
321 1395 397 1460 Cho.
425 1399 484 1458 198
515 1388 608 1479 εἴπερ
631 1387 658 1478 γ’
680 1387 739 1459 ἀπ’
762 1392 881 1481 ἐχθροῦ
904 1392 1022 1482 κρατὸς
1042 1387 1081 1483 ἦν
1102 1394 1262 1483 σετμημέ

164 1521 232 1577 νος,
272 1497 387 1580 quibus
410 1497 487 1561 loeis
509 1490 579 1561 άπό
602 1497 704 1561 multo
725 1499 826 1579 magis
840 1499 1050 1582 perspicuam
1072 1506 1105 1562 et
1124 1499 1263 1564 vividam

162 1600 335 1683 imaginem
357 1598 452 1663 efficit
474 1619 571 1681 quam
593 1600 620 1663 si
642 1600 834 1684 praepositio
858 1598 891 1663 έν
914 1607 996 1664 esset
1016 1602 1130 1684 posita.
1173 1601 1262 1666 Idem

84 1731 92 1740 ·
162 1703 248 1769 valet
270 1702 296 1765 si
318 1723 375 1785 pro
398 1701 543 1784 genetivo
564 1701 757 1784 dependenti
773 1721 811 1764 ex
827 1703 1024 1768 substantivo
1040 1704 1178 1786 quodam
1193 1695 1263 1767 άπό

162 1808 337 1888 usurpatur
364 1803 449 1886 quod
463 1799 542 1867 ¹oum
565 1804 660 1868 verbo
683 1803 939 1887 conjungendum
961 1811 1022 1886 est,
1056 1807 1146 1870 utin
1169 1806 1260 1869 Eum.

164 1912 226 1972 264
262 1899 333 1970 άπὸ
362 1905 480 1985 ζώνιος
506 1907 619 1992 ῥοφεῖν
647 1900 785 1990 ἐρυθρὸν
812 1903 847 1969 ἐκ
875 1905 998 1988 μελέων
1019 1907 1162 1972 πέλανον
1188 1909 1209 1973 i.
1234 1932 1261 1973 o.

162 2011 275 2095 ῥοφεῖν
296 2004 435 2094 ἐρυθρὸν
458 2004 493 2072 έκ
514 2006 638 2090 μελέων
660 2007 803 2073 πέλανον
826 2006 1081 2089 ζώνιος,·”Ραοαι.
1106 2014 1177 2076 400.
1202 2011 1261 2096 Ag.

164 2117 234 2175 240.
264 2105 373 2193 ἔβαλλ’
395 2106 533 2174 ἕκαστον
555 2105 705 2196 θατήρων
726 2103 786 2173 ἀπ’
808 2102 955 2191 ὄμματος
975 2109 1064 2193 βέλει
1086 2108 1262 2198 φιλοίκτῳ,·

163 2217 225 2277 660
249 2210 285 2293 ἐξ
304 2206 440 2296 οὐρανοῦ
462 2209 498 2276 δέ
520 2204 609 2274 κάπὸ
631 2216 688 2299 γῆς
705 2208 878 2294 λειμωνίας
894 2208 1005 2298 δρόσοι
1020 2210 1263 2299 κατεψάκαζονς

163 2315 238 2379 Cho
259 2319 320 2378 966
342 2309 420 2378 ὅταν
442 2306 499 2400 ἀφ’
521 2308 633 2390 ἑστίας
653 2318 756 2396 μῦσος
779 2317 847 2377 πᾶν
868 2310 978 2402 ἐλάσῃ.
1024 2315 1104 2380 Cum
1125 2317 1262 2380 brevite

162 2423 194 2504 to
217 2418 272 2482 sed
294 2439 357 2482 non
379 2417 446 2481 sine
468 2417 625 2501 gravitate
648 2417 788 2500 quadam
810 2416 926 2481 dicitur
947 2418 979 2481 in
1004 2417 1090 2482 Pers.
1114 2421 1186 2484 460
1204 2440 1262 2483 ιο-

162 2521 250 2605 ξιιιῆς
281 2511 352 2583 άπὸ
381 2515 550 2603 θώμιγγος
582 2518 683 2598 (,‚tela
717 2518 833 2582 emissa
866 2540 886 2583 a
921 2540 1018 2583 nervo
1050 2526 1177 2602 arous“)
1216 2516 1263 2587 ἰοὶ

162 2616 418 2707 προςπίινοντες
453 2613 601 2685 ὤλλυσαν
625 2625 669 2700 ¹);
719 2621 811 2685 Eum.
848 2625 909 2685 398
947 2614 1016 2685 άπὸ
1053 2617 1263 2709 Σκαμάνδρου

162 2724 303 2803 („oxiens
333 2746 353 2787 a
381 2724 610 2799 Scamandro“)
648 2727 706 2809 γῆν
732 2722 1048 2810 καιαφθαποομένης
1085 2725 1169 2789 Pers.
1200 2732 1261 2791 799

162 2829 248 2911 περᾷ
269 2821 326 2889 τὸν
340 2819 457 2910 Ἕλλης
472 2820 629 2911 πορθμὸν
643 2817 803 2910 Εὐρώπης
825 2815 894 2886 άπο
917 2826 1048 2905 „relicta
1063 2826 1211 2910 Europa*
1223 2830 1260 2910 ²).

161 2928 256 2993 Notio
283 2929 455 2992 distantiae
483 2933 516 2992 et
543 2926 729 2992 remotionis
758 2932 913 3009 urguetur
941 2928 1063 2993 duobus
1090 2929 1155 2993 illis
1184 2930 1263 2994 loeis

162 3029 272 3114 Suppl.
297 3034 358 3094 684
387 3025 491 3094 νόσων
513 3022 542 3093 δ’
566 3022 666 3110 ἑσμὸς
687 3021 746 3090 άπ)
763 3031 792 3108 3)
825 3021 933 3092 δοιών
954 3029 1017 3109 ἵζοι
1041 3031 1170 3110 „sedeat
1190 3053 1263 3115 pro

234 3190 253 3257 ¹)
288 3189 351 3244 Non
373 3193 430 3242 tam
457 3189 588 3242 audacter
610 3189 653 3242 So.
673 3187 737 3241 Oed.
759 3206 780 3240 r.
800 3185 903 3242 104,ιο
923 3186 958 3239 σὰ
975 3187 1194 3261 χρυσοστρόῳων
1212 3189 1263 3243 ἀπ’

161 3275 283 3346 ἀμκαλᾶν
300 3279 378 3342 βέλεα
396 3273 505 3347 θέλοιμ’
525 3271 559 3327 ἂν
578 3275 762 3328 ἐνδατεῖσθαι.
874 3283 877 3286 ’

231 3365 254 3430 ²)
290 3364 324 3418 cf,
354 3365 397 3418 So,
420 3365 465 3432 Aj.
488 3362 539 3417 697
566 3367 696 3434 πειραέας
720 3360 777 3414 ἀπὸ
805 3361 931 3434 δειράδος
957 3361 1071 3432 φάνηθι.
1115 3367 1145 3418 V.
1170 3374 1264 3419 autem

127 3463 129 3467 ’
160 3453 250 3506 Prona
265 3450 314 3506 734
335 3455 454 3504 λιποῦσα
473 3449 499 3501 δ’
512 3446 647 3518 Εὐρώπης
665 3450 753 3504 πέδον
771 3457 799 3504 et
817 3452 968 3521 permultos
989 3453 1051 3506 illos
1069 3453 1264 3522 locosquibns
1283 3523 1293 3529 ·

160 3540 328 3608 praepositio
351 3540 425 3593 huno
448 3555 560 3608 grauem
585 3542 613 3590 et
630 3542 829 3608 praegnantem
848 3556 956 3592 sensum
974 3541 1116 3594 involvens
1135 3541 1264 3609 expletur

161 3627 308 3697 participio
327 3628 446 3697 quodam
463 3630 495 3679 ut
514 3621 610 3688 λιπών,
629 3623 766 3696 ἀμείψας,
786 3628 855 3681 aliis.

230 3716 252 3783 3)
289 3716 323 3768 of.
349 3715 495 3770 Homerica
520 3715 551 3768 Il.
572 3720 596 3780 β,
618 3715 666 3772 162
696 3713 724 3766 ἐν
752 3718 835 3787 Τροίῃ
859 3711 1013 3767 (ἐπάλλοντο
1033 3717 1113 3785 φίλης
1131 3711 1189 3767 ἀπὸ
1207 3734 1264 3767 πα-

160 3801 253 3874 τρίδος
278 3805 353 3867 olam
382 3802 433 3854 208
458 3804 549 3870 μένων
573 3795 630 3852 άπὸ
653 3789 684 3869 ἧς
703 3797 832 3870 &doleam
858 3798 901 3856 So.
920 3803 990 3856 Phil.
1012 3803 1061 3855 163
1086 3806 1189 3873 μοῦνος
1212 3801 1263 3856 ἀπ’

161 3886 255 3942 italum.
282 3919 315 3927 -
357 3891 398 3942 De
416 3889 495 3943 Eum.
516 3891 567 3941 350
592 3885 740 3941 ἀθανάτων
765 3886 790 3939 δ’
810 3885 925 3958 ἀπέχειν
946 3894 1044 3960 χέρας,
1072 3910 1096 3944 v.
1115 3890 1208 3944 Herm.
1227 3892 1264 3946 ad

158 3996 186 4031 -ι,
206 3978 266 4030 346.
303 3976 521 4030 lleimsoethium
538 3995 565 4045 p.
586 3979 639 4030 303
658 3981 686 4030 et
708 3977 863 4046 Priamum,
890 3979 938 4047 qui
961 3980 1037 4032 recte
1056 3977 1203 4047 judicavit,
1232 3979 1262 4033 in

73 4137 79 4140 μ
160 4064 231 4120 Mus.
249 4064 382 4119 Rhenano
399 4065 424 4133 6,
447 4065 505 4117 185.
