2856 4776
749 388 790 449 34

222 619 225 625 -
301 567 336 635 ἐκ
357 577 407 636 est
428 570 518 636 inter
533 591 588 636 eas
608 572 859 654 praepositiones
881 592 964 654 quae
985 564 1240 654 frequentissime
1259 590 1320 636 usu

215 675 364 752 veniunt,
396 674 514 757 partim
537 674 614 756 quia
635 674 706 756 ejus
727 675 815 737 notio
838 674 949 736 localis
971 679 1004 738 et
1025 680 1173 737 concreta
1195 674 1319 738 creber-

214 777 328 839 rimam
351 777 590 858 usurpationem
613 775 838 858 permittebat‚
862 776 980 858 partim
1003 776 1080 857 quia
1101 774 1253 841 facillime
1276 796 1317 840 cx

214 878 245 943 vi
273 878 384 941 nativa
412 877 604 960 multiplices
633 883 665 940 et
690 876 924 965 diversissimae
946 876 1197 960 significationes
1220 877 1319 943 duce»

214 979 341 1045 bantur.

220 1124 222 1129 .
298 1081 456 1146 Primaria
477 1083 524 1147 vis
545 1081 790 1165 praepositionis
813 1100 895 1163 quae
916 1079 1061 1144 sensibus
1083 1081 1260 1164 percipi-tur
1278 1101 1318 1145 ea

214 1190 263 1248 est
284 1189 321 1249 ut
341 1185 460 1248 indicet
483 1184 588 1249 locum
617 1183 667 1248 vel
694 1204 762 1247 ram
785 1204 824 1246 ex
847 1202 912 1265 qua
933 1181 1056 1265 aliquid
1078 1189 1245 1246 moveatur
1265 1185 1316 1248 vel

213 1291 315 1351 exeat.
335 1286 412 1350 ..lta
433 1290 555 1349 certum
572 1292 626 1350 est
648 1285 816 1350 discrimen
838 1285 923 1348 inter
937 1276 1007 1347 ἀπό
1022 1305 1104 1367 quae
1120 1287 1316 1368 praepositio

213 1409 277 1452 non
300 1394 366 1451 tam
391 1386 519 1452 definite
542 1394 575 1451 et
598 1389 715 1452 diserte
738 1407 810 1453 eam
832 1392 957 1469 partem
979 1386 1129 1451 describit
1148 1387 1317 1451 undamn-

212 1490 341 1570 tusfin·
356 1490 410 1554 sed
433 1491 534 1573 magis
557 1491 590 1554 in
612 1492 794 1554 universum
815 1490 977 1572 regionem
998 1493 1126 1552 tantum
1148 1489 1317 1554 denotata

213 1612 277 1674 qua
299 1592 377 1674 quid
398 1593 535 1672 accedit3
574 1597 607 1655 et
634 1593 720 1655 inter
749 1588 785 1654 ἐκ
817 1611 899 1674 quae
928 1611 990 1655 vox
1016 1591 1199 1655 interiorem
1221 1613 1316 1675 quem

212 1695 259 1758 rei
280 1694 384 1758 locum
407 1695 528 1759 indicat
549 1715 674 1776 exque
695 1694 795 1756 motio
816 1692 1003 1776 provehitur
1024 1693 1075 1756 vel
1097 1691 1228 1758 effectus
1249 1695 1317 1759 cdi·

210 1803 273 1861 tur.
309 1796 440 1860 .Faoile
456 1836 457 1841 κ
474 1802 582 1861 autem
614 1796 808 1878 intelligitur
839 1797 893 1879 qui
922 1794 992 1859 fieri
1018 1795 1159 1878 potuerit
1189 1802 1226 1860 ut
1254 1796 1318 1862 hae

210 1899 460 1983 praepositiones
482 1918 576 1981 saepe
597 1904 705 1980 partes
728 1899 995 1962 commutaverint
1016 1898 1144 1984 curn-in
1166 1905 1318 1968 concreta

210 2000 440 2085 significatione
465 2005 535 2064 tum
562 2002 688 2084 saepius
718 2002 753 2063 in
781 2000 908 2064 tralatis
935 1999 1114 2064 rationibus
1142 2001 1178 2064 in
1200 2001 1317 2082 quibus

209 2103 398 2186 plerumque
418 2123 458 2166 ne
481 2103 632 2166 constitui
645 2102 776 2185 quidem
791 2107 897 2185 potest
912 2122 990 2166 num
1006 2100 1140 2166 effectus
1154 2104 1205 2167 vel
1219 2123 1315 2168 even-

211 2210 263 2267 tus
290 2204 444 2286 procedat
471 2204 511 2270 ab
541 2210 599 2269 aut
624 2225 664 2268 ex
692 2203 802 2286 aliqua
824 2198 1005 2268 conditione
1026 2204 1076 2269 vel
1097 2225 1236 2287 persona
1258 2206 1311 2271 'vel

208 2307 240 2371 vi
262 2311 418 2370 movente.
1127 2355 1129 2360 ,
1272 2356 1274 2361 .

242 2441 245 2444 >
297 2410 327 2491 1)
349 2409 543 2474 Aduerbium
573 2415 622 2473 est
649 2409 683 2472 in
714 2409 816 2472 tmesi.
861 2408 965 2471 Proin.
993 2411 1052 2471 133
1082 2402 1119 2470 ἐκ
1139 2399 1170 2471 δ’
1192 2402 1315 2494 &binga

120 2496 124 2500 ⁴
207 2532 271 2592 pov
301 2507 360 2573 τάν
389 2513 581 2597 θεμερῶπιν
610 2505 704 2574 αἰδῶ.
754 2510 804 2575 Ibi
824 2510 967 2575 dubitari
989 2531 1053 2574 non
1077 2509 1152 2573 licet
1167 2511 1253 2593 quin
1276 2507 1314 2574 ἐκ

208 2612 464 2695 conjungendum
486 2615 529 2686 sit
549 2635 622 2679 cum
643 2608 771 2699 satage,
795 2632 860 2677 non
882 2633 954 2675 cum
976 2614 1049 2692 pot,
1074 2615 1151 2694 quia
1169 2611 1318 2694 Aeschy·
1394 2629 1412 2656 ‘2

207 2715 258 2778 lus
271 2716 343 2779 non
365 2716 443 2780 dicit
464 2710 626 2801 πλήσσειν
646 2738 680 2778 τι
695 2709 738 2781 ἔκ
759 2735 856 2792 τινος,
881 2714 936 2777 sed
960 2708 1159 2799 ἐκπλήσσειν
1175 2710 1210 2777 τί
1223 2735 1313 2790 τινος

208 2816 327 2899 (Prom.
350 2820 442 2896 360);
480 2817 519 2880 cf.
551 2816 727 2881 Blomfield.
757 2816 800 2880 ad
829 2837 858 2879 v.
894 2820 970 2895 1363
1008 2816 1149 2880 Pierson.
1172 2817 1206 2878 in
1228 2815 1313 2879 Mus.

205 2917 348 2983 rhenano
370 2919 425 2982 XI.
455 2941 486 3002 p.
513 2922 584 2984 106.
629 2915 784 3002 ἐξέπληξε
813 2917 957 3000 proxime
983 2918 1177 3001 praecedens
1206 2916 1314 3003 διῇξεν

207 3025 281 3103 apte
305 3021 458 3103 sequitur.
504 3022 605 3101 „Aoni
634 3019 903 3103 praepositionem
933 3018 999 3083 sive
1019 3019 1318 3084 adverbiascentem
1416 3109 1420 3115 ,

207 3123 272 3186 sive
295 3124 416 3187 nomini
438 3124 650 3206 postpositam
679 3142 864 3205 quanquam
893 3120 970 3186 olim
993 3122 1133 3186 decrevit
1154 3121 1313 3200 Herman-

205 3246 266 3289 nus
293 3225 332 3289 de
360 3225 430 3290 Em.
454 3225 492 3288 R.
517 3224 570 3289 Gr.
594 3224 648 3289 Gr.
672 3246 702 3307 p.
731 3228 806 3304 101,
843 3225 927 3289 ratio
954 3246 1016 3289 non
1047 3228 1126 3288 est.“
1169 3224 1311 3289 Ellendt.

206 3326 267 3390 lex.
292 3326 316 3391 I.
341 3349 372 3409 p.
399 3331 471 3391 547.

290 3434 324 3512 2)
346 3429 408 3493 Ubi
429 3428 623 3512 praepositio
646 3433 709 3506 est,
742 3424 976 3492 sesecundum
999 3427 1110 3491 tritam
1133 3432 1166 3491 et
1188 3427 1312 3493 creber-

204 3532 318 3594 rimam
346 3528 609 3612 significationem
641 3531 845 3612 conjunctum
874 3550 946 3594 cum
978 3530 1082 3593 verbis
1104 3531 1251 3594 movendi
1274 3531 1312 3593 il-

204 3633 271 3696 lurn
293 3633 396 3696 locum
417 3632 469 3696 vel
499 3631 638 3714 spatium
666 3631 788 3696 indicat
807 3632 901 3697 unde
930 3636 1036 3696 motus
1065 3631 1193 3695 initium
1221 3633 1311 3714 capit

204 3724 321 3798 velex
349 3734 440 3816 cujus
468 3739 560 3815 parte
590 3735 698 3817 aliqua
730 3735 881 3798 interiore
908 3752 960 3798 res
990 3734 1115 3798 excedit
1136 3739 1169 3797 et
1191 3734 1314 3816 prodit.

73 3858 79 3881 .
203 3837 266 3901 Res
287 3856 370 3918 qnae
391 3833 797 3920 proficiscitur‘antequam
826 3837 987 3919 separatio
1015 3834 1132 3900 accidit
1164 3835 1310 3900 utribus

202 3937 348 4020 partibus
369 3937 577 4002 circumclusa
598 3958 666 4002 esse
688 3940 793 4022 potnit
815 3943 872 4001 aut
894 3937 935 4002 ab
957 3958 1038 4015 una,
1062 3957 1161 4019 quum
1184 3936 1307 4001 scilicet

203 4042 266 4105 sita
295 4047 379 4104 essct
406 4040 439 4104 in
468 4039 612 4123 planitie.
657 4042 761 4104 Prom.
790 4045 871 4106 1060
897 4036 1011 4105 τόπων
1045 4033 1128 4120 μετά
1156 4058 1218 4102 ποι
1244 4063 1310 4118 pore
