2856 4776
697 421 737 482 b'l

170 603 261 680 Quod
283 604 401 667 attinet
423 603 465 667 ad
481 603 672 686 Aeschylum
695 601 742 683 εἰς
766 607 860 670 metri
882 627 980 671 causa
995 605 1207 671 necessarium
1222 607 1271 667 est

169 708 245 768 ante
267 705 392 768 vocales
413 706 446 768 in
468 707 542 769 arsi.
589 707 639 770 116
662 708 695 772 111
718 709 868 773 senariis:
900 710 1003 773 Prom.
1030 713 1066 787 23
1090 712 1166 786 236;
1191 711 1269 784 3613

170 813 248 887 3883
287 812 384 886 10283
420 807 507 890 Sept.
531 811 610 888 2553
646 814 741 889 10503
776 811 862 874 Pers.
890 815 964 890 1833
999 814 1075 890 3263
1108 809 1165 892 Ag.
1191 811 1271 885 510,-

170 908 247 973 Cho.
272 912 349 987 2993
375 913 454 988 680;
478 913 556 989 712;
580 911 672 974 Eum,
695 917 774 991 4843
798 917 875 991 7633
899 912 1009 996 Suppl.
1034 909 1270 991 661111163-

114 1051 118 1058 ·
168 1012 285 1076 mentis
306 1017 436 1094 quater;
468 1012 565 1076 semel
587 1013 620 1076 111
645 1014 787 1078 versibus
810 1014 981 1078 trochaicis
1002 1015 1088 1078 Pers.
1114 1017 1192 1089 2303
1224 1030 1271 1074 se·

168 1113 231 1178 mel
253 1115 287 1177 in
309 1114 493 1197 anapaestis
514 1115 572 1198 Ag.
599 1118 697 1194 14643
731 1116 848 1198 septies
869 1117 903 1179 in
927 1117 1060 1180 canticis
1082 1115 1168 1197 Sept.
1194 1117 1270 1191 6803

170 1215 255 1280 Pers.
282 1221 336 1294 66;
368 1221 408 1280 97
419 1237 426 1296 ;
455 1217 514 1300 Ag.
539 1221 617 1295 3843
648 1221 727 1295 4353
760 1216 870 1301 Suppl.
898 1223 973 1296 103;
1003 1222 1075 1282 538.
1128 1217 1166 1280 11
1188 1214 1271 1279 thesi

170 1324 243 1382 ante
264 1318 388 1382 vocales
409 1320 568 1401 poscimus
590 1312 638 1394 εἷς
659 1324 774 1400 quater
803 1320 836 1382 in
858 1341 907 1383 vv.
931 1319 1143 1409 anapaesticis
1165 1318 1268 1381 Prom.

174 1424 249 1499 1913
282 1424 357 1499 153;
390 1424 486 1499 1074;
523 1425 619 1500 1086;
649 1421 747 1484 semel
768 1422 802 1484 111
826 1422 950 1486 cantico
972 1423 1065 1485 Eum.
1091 1425 1161 1484 365.
1207 1419 1270 1483 Sed

169 1522 245 1604 quid
264 1522 332 1604 jam
354 1522 446 1586 nobis
469 1523 673 1586 statuendum
696 1529 751 1603 est,
775 1525 801 1587 si
824 1523 857 1587 in
880 1524 1013 1588 senariis
1034 1516 1081 1599 εἰς
1097 1520 1272 1586 6611666111

168 1624 202 1688 in
233 1622 315 1688 thesi
345 1623 489 1705 quidem,
524 1625 579 1688 sed
608 1625 641 1688 in
670 1625 751 1708 pede
781 1632 837 1689 aut
866 1627 969 1710 primo
1001 1631 1058 1689 aut
1089 1624 1184 1688 161116
1215 1627 1272 1687 611

70 1712 77 1726 ³
168 1725 289 1808 quinto,
314 1725 370 1789 ubi
392 1731 424 1789 et
445 1725 549 1789 brevis
570 1732 602 1790 et
623 1727 780 1809 producta
801 1727 925 1810 syllaba
946 1727 1051 1791 locum
1074 1726 1193 1791 habere
1215 1745 1270 1808 po·
1376 1748 1379 1754 ·

168 1828 252 1893 test?
296 1827 330 1892 Si
352 1833 437 1891 recte
459 1829 624 1891 numeravi
648 1834 719 1892 octo
735 1828 953 1912 hujuscemodi
970 1828 1116 1912 exempla
1131 1832 1269 1892 exstant.

168 1929 205 1994 ln
229 1931 332 2013 primo
354 1929 435 2012 pede
458 1928 544 2012 Sept
570 1933 648 2008 2843
681 1933 738 2014 Ag.
763 1935 841 2011 8153
871 1930 947 1995 Cho.
973 1935 1051 2009 2153
1076 1935 1154 2008 6763
1177 1930 1268 1992 Eum.

168 2036 247 2110 4593
285 2031 324 2095 fr.
350 2036 406 2109 353
444 2032 477 2094 in
499 2031 594 2095 tertio
616 2032 696 2115 pede
720 2035 777 2115 Ag.
804 2035 903 2112 12073
939 2033 972 2096 111
995 2034 1107 2116 quinto
1128 2037 1153 2113 1)
1183 2032 1268 2116 Sept.

168 2137 240 2198 442.
287 2133 395 2198 Codex
417 2133 468 2198 hio
498 2133 578 2198 mire
607 2134 667 2198 sibi
689 2155 753 2199 non
777 2139 904 2199 constat
925 2156 1024 2217 quum
1045 2140 1095 2199 ter
1116 2135 1271 2219 praebeat

168 2229 230 2315 εἰς,
263 2241 377 2318 quater
400 2231 452 2314 ε’ς,·
483 2237 516 2299 in
539 2235 718 2319 fragmento
741 2236 796 2301 illo
818 2230 866 2312 εἰς
887 2236 1014 2320 legitur.
1066 2237 1271 2302 Hermanuus

167 2338 320 2403 lectiones
341 2337 415 2402 libri
437 2338 578 2418 retinuit,
603 2338 786 2403 Dindorfius
810 2359 933 2421 semper
955 2339 1135 2403 introduxit
1156 2333 1270 2418 desid

169 2442 254 2524 quod
276 2445 363 2504 recte
385 2440 461 2504 fecit
481 2447 518 2504 ut
539 2441 626 2505 infra
647 2440 946 2505 demonstrabimus.
970 2479 1002 2488 -
1041 2441 1124 2506 Ante
1146 2440 1271 2506 vocales

168 2543 269 2608 multo
299 2543 404 2607 rarius
433 2543 576 2607 invenies
605 2540 656 2622 ἐς,
690 2549 787 2625 atque
817 2549 887 2607 tum
914 2544 1041 2607 demum
1064 2544 1090 2608 si
1112 2537 1160 2619 εἰς
1181 2542 1270 2607 nullo

167 2650 262 2730 pacto
284 2643 362 2708 ferri
383 2645 503 2728 potuit,
526 2649 563 2708 ut
584 2645 689 2708 Prom.
714 2648 749 2723 2;
774 2649 852 2725 3023
878 2650 956 2725 3873
980 2649 1058 2725 6893
1083 2645 1168 2729 Sept
1193 2648 1269 2724 2403

167 2747 253 2812 Pers.
278 2751 306 2826 2,
330 2751 408 2825 8333
440 2748 497 2830 Ag.
522 2752 598 2827 7373
629 2747 720 2810 Eum.
748 2751 806 2826 563
836 2751 917 2827 8513
949 2746 1058 2830 Suppl.
1083 2752 1161 2827 3303
1191 2747 1269 2810 Cho.

66 2921 69 2927 ,
167 2853 245 2929 612;
268 2850 308 2913 fr.
326 2853 396 2914 273.
413 2886 454 2896 -
479 2848 627 2913 Ceterum
646 2849 716 2931 jam
737 2849 790 2914 hic
812 2851 948 2933 apparet
970 2869 1067 2932 quam
1090 2851 1180 2933 parvi
1203 2871 1269 2914 mo-

168 2952 268 3014 menti
288 2952 322 3014 in
344 2951 463 3016 talibus
484 2950 579 3015 rebus
600 2951 642 3015 sit
665 2952 781 3016 codicis
801 2952 935 3016 Medicei
957 2954 1141 3016 auctoritas.
1186 2953 1269 3016 Nam

169 3050 203 3114 in
225 3051 317 3114 Eum.
341 3056 401 3115 365
423 3060 456 3117 61
478 3053 587 3137 Suppl.
615 3058 684 3131 103,
708 3040 763 3118 ubi
784 3060 895 3137 aperte
916 3053 1042 3135 syllaba
1063 3055 1159 3137 longa
1180 3053 1269 3138 flagi·

168 3157 266 3230 tatur,
290 3151 370 3216 liber
391 3150 523 3231 noueig
545 3156 616 3233 (161,
634 3156 689 3220 sed
712 3153 763 3234 ’ἐςς
785 3155 966 3239 exemplum
988 3156 1110 3218 veroin
1132 3177 1195 3238 quo
1210 3178 1269 3239 pro

166 3255 270 3319 forma
292 3251 326 3331 ἐς
349 3255 432 3320 male
454 3259 608 3342 scriptum
630 3259 671 3321 sit
694 3252 742 3334 εἰς
762 3259 892 3322 omnino
915 3278 979 3320 non
1002 3261 1123 3336 exstat3
1147 3279 1211 3341 qua
1232 3279 1268 3323 re

165 3356 267 3440 liquet
294 3357 420 3423 facilius
450 3360 570 3424 scribas
600 3353 647 3436 εἰς
674 3366 813 3424 mutasse
842 3360 876 3423 in
903 3357 937 3436 ἐς
958 3381 1054 3442 quam
1077 3361 1144 3424 vice
1166 3352 1266 3424 versa.

164 3459 239 3525 Jam
253 3462 477 3544 aggrediamur
499 3462 540 3526 ad
562 3463 656 3545 longe
678 3462 886 3527 difficiliorem
908 3462 1167 3545 disputationem,
1190 3485 1268 3527 num

165 3567 198 3626 et
219 3565 348 3645 quaudo
371 3570 447 3627 ante
469 3571 680 3628 consonantes
702 3565 827 3628 litteras
848 3564 1017 3648 legendum
1040 3565 1081 3628 sit
1103 3559 1150 3642 εἰς
1171 3571 1204 3629 61
1223 3563 1265 3641 ἐς.

164 3663 355 3730 Exeundum
379 3667 470 3730 uobis
492 3672 540 3730 est
562 3689 582 3731 a
605 3667 781 3746 codicibus,
811 3667 860 3731 vel
891 3668 998 3751 potius
1026 3687 1047 3730 6
1074 3669 1181 3733 codice
1211 3690 1267 3734 no-

165 3826 370 3834 ——-—-——---..-

236 3907 255 3973 ll
291 3907 374 3961 Ratio
393 3924 442 3961 cur
459 3907 606 3962 Elmsleius
625 3914 735 3963 censeat
760 3910 788 3963 in
812 3910 908 3978 quinto
932 3910 1033 3964 senarii
1056 3911 1266 3980 1616116166-

163 3995 309 4049 ferendum
328 4011 387 4049 esse
404 3996 626 4066 quandoquidem
644 4015 676 4051 66
694 3998 781 4053 666116
799 3999 936 4066 spondeus
955 4000 1072 4067 vitetur,
1092 4000 1168 4052 nulla
1186 4000 1265 4053 intel-

161 4081 266 4152 ligitur.
