2856 4776
692 404 733 466 30

161 581 188 650 τ’
201 579 258 672 άφ)
271 581 369 674 άγνῆς
384 584 496 651 λευκὸν
512 583 602 671 γάλα,
626 609 761 671 quooum
785 589 928 652 conferas
950 589 1047 653 verba
1067 609 1176 653 versus
1199 593 1259 652 615

162 688 306 766 παλαιᾶς
328 682 478 771 άμιτέλου
500 685 613 773 peirac,¹
636 689 745 773 Suppl.
768 694 827 753 237
852 682 890 752 οά
910 686 970 775 γὰρ
984 683 1134 776 Ἀργολὶς
1156 685 1260 776 εὀθῆς

160 796 316 874 γυναικῶν
346 784 423 854 οὐδ’»
441 785 497 878 άφ)
516 786 670 869 Ἑλλάδος
690 788 816 855 τόπων·
831 812 894 874 quo
917 792 985 856 loeo
1008 793 1166 875 adjectivo
1181 785 1260 878 ’Λρ-

160 889 251 977 γολίς
271 895 377 978 potius
398 894 611 976 respondisset
632 894 718 959 solus
739 895 903 978 genetivus
924 888 1059 957 τάττων.
1080 895 1118 957 fr.
1137 899 1208 973 306,
1226 899 1263 973 63

161 997 253 1061 Eum·
278 1000 354 1075 3143
379 995 455 1059 0110.
480 1000 551 1059 736.
584 997 733 1080 'Insignis
755 1001 803 1059 est
824 995 885 1059 hao
907 997 940 1059 in
963 1017 997 1060 re
1020 996 1169 1078 Aeschyli
1191 997 1265 1060 bre-

161 1099 243 1161 vitas
275 1103 311 1160 ut
339 1098 373 1160 in
401 1098 493 1160 Eum.
527 1103 585 1162 183
617 1098 671 1162 ubi
702 1091 812 1178 μέλαν)
846 1090 905 1160 άιτ)
937 1090 1127 1183 ἀνθρώπων
1156 1089 1262 1182 άφράν

161 1197 319 1280 signifieat
343 1199 548 1282 „sanguinem
571 1220 665 1281 quem
687 1222 726 1264 ex
749 1200 930 1264 hominibus
953 1199 1139 1276 hausistis“;
1162 1197 1215 1275 (ef.
1231 1221 1259 1263 v.

85 1373 90 1382 ,
161 1302 246 1378 264).
291 1300 416 1365 Similes
438 1306 513 1365 sunt
534 1301 595 1365 loei
617 1302 650 1365 in
674 1303 730 1385 Ag.
757 1306 836 1366 1132
860 1295 929 1364 άπὸ
953 1299 989 1366 δὲ
1010 1296 1190 1386 θεσφάτων
1210 1297 1263 1377 τίς

161 1394 273 1485 ἀγαθὰ
294 1397 394 1488 φάτις
415 1405 547 1488 βροτοῖς
568 1401 715 1467 τέλλεται
721 1430 730 1481 ,·
754 1424 931 1486 „quaenam
954 1405 1037 1468 bona
1052 1423 1119 1467 sors
1135 1402 1176 1466 ab
1192 1423 1263 1466 ora·

161 1502 240 1568 culis
262 1504 350 1568 edita
371 1504 499 1569 obvenit
520 1505 748 1569 mortalibus?“
779 1504 888 1587 Suppl.
914 1509 975 1568 636
997 1503 1088 1588 γένος
1111 1497 1262 1586 ε”άχομεθ

160 1597 243 1670 εἶναι
264 1607 323 1688 γᾶς
344 1599 414 1669 άπὸ
435 1601 535 1669 τᾶσδ’
559 1602 694 1686 ἔνοικοι,
731 1608 822 1690 eujus
852 1627 978 1670 sensum
1002 1607 1082 1672 bene
1104 1606 1262 1670 Herman-

160 1727 220 1771 nus
242 1707 348 1785 (adv.
372 1711 448 1776 520)
473 1708 658 1789 illustravit3
697 1714 758 1774 363
781 1704 930 1795 ἱεροδόκα
952 1711 1041 1771 θεῶν
1062 1701 1176 1793 λήματ’
1200 1700 1260 1770 άπ)

159 1803 275 1894 άνδρδς
296 1801 402 1892 ἁγνοῦ,
427 1809 481 1874 ubi
502 1802 562 1872 ἀπ’
584 1803 700 1897 άνδρός
721 1805 818 1894 ἁγνοῦ
841 1811 941 1875 libero
965 1810 1058 1874 modo
1080 1810 1199 1892 pendet
1221 1831 1261 1874 ex

161 1905 310 1997 ἱεροδόκα
338 1905 429 1997 ,δορὰ
453 1909 601 1992 δέχονται
622 1905 682 1974 ἅττ’
704 1905 821 1998 ἀνδρὸς
842 1906 939 1996 ἁγνοῦ
964 1904 1065 1975 άνταίι
1094 1911 1147 1989 (ef.
1173 1911 1259 1995 Sept.

161 2015 246 2095 700).
276 2012 353 2076 Cho.
370 2017 431 2076 479
455 2007 523 2076 οὐδ’
545 2007 604 2078 άττ)
627 2007 733 2078 άλλων
756 2010 894 2078 ἔκτοθεν
915 2006 986 2076 ἄλλ’
1008 2006 1067 2076 άττ)
1089 2006 1194 2077 αὐτῶν
1217 2035 1259 2078 so.

160 2107 238 2191 άκος
260 2109 340 2193 ἔστι,
365 2110 558 2200 πράσσεται,
583 2137 644 2198 quo
667 2116 735 2179 loeo
758 2137 856 2198 quum
878 2116 1007 2180 verbam
1024 2120 1129 2178 ortum
1145 2121 1260 2178 notans

160 2216 245 2280 unde
273 2217 467 2299 praepositio
497 2219 635 2300 pendeat
663 2240 726 2282 non
750 2218 876 2302 legatur
896 2218 967 2301 ipsa
989 2237 1106 2301 magna
1127 2236 1260 2300 praepo

160 2319 284 2384 sitionis
310 2318 341 2381 vi
370 2318 531 2382 indioatnr
560 2322 717 2384 actionem
745 2321 785 2385 ab
816 2320 925 2403 aliquo
952 2319 1041 2384 effici.
1087 2319 1158 2383 Huo
1180 2318 1261 2382 mihi

160 2526 310 2610 φθογγῆς
329 2525 427 2608 χαρᾷ,
466 2523 552 2605 quod
573 2529 622 2588 est
644 2524 779 2606 „gaudio
803 2545 820 2587 e
842 2545 917 2588 voee
939 2529 1084 2603 coorto“;
1121 2543 1262 2606 namque

159 2625 255 2689 nimis
282 2625 398 2688 durum
425 2629 474 2688 est
502 2618 572 2687 άιτὸ
600 2628 750 2712 φθογγῆς
777 2625 968 2708 eonjungere
995 2646 1067 2689 eum
1089 2625 1184 2690 verbo
1204 2614 1262 2711 ῆγε

160 2732 193 2792 et
221 2745 370 2810 separare
393 2746 508 2790 avooe
528 2730 611 2814 χαρᾷ
628 2732 668 2806 Ι);
704 2726 742 2790 cf.
768 2726 967 2791 Ellendtium
992 2747 1118 2811 quoque
1139 2727 1173 2790 in
1197 2726 1259 2790 lex·

160 2852 190 2912 p.
218 2833 287 2893 196.
311 2842 353 2877 -’
373 2827 445 2892 Non
467 2848 595 2910 possum
617 2850 680 2892 non
702 2829 812 2892 mirari
834 2828 918 2911 quod
938 2834 1005 2892 tam
1028 2830 1083 2894 diu
1099 2829 1189 2893 loeus
1205 2828 1261 2911 qui

160 2932 277 3016 legitur
298 2931 332 2993 in
356 2929 441 3012 Sept.
467 2934 532 2994 703*
550 2930 753 3013 inoomnptus
779 2936 828 2993 est
854 2930 983 2995 habitus
1011 2951 1110 3013 quum
1131 2951 1262 3014 prorsus

161 3032 265 3117 qualis
293 3053 378 3095 nune
407 3036 454 3095 est
480 3051 574 3096 sensu
598 3040 715 3106 emeat,
760 3033 842 3105 Nam
863 3028 956 3117 χάρις
978 3025 1007 3096 δ’
1029 3025 1086 3118 άφ)
1107 3027 1200 3118 ἡμῶν
1222 3027 1262 3096 δ-

159 3132 303 3217 λομένων
332 3129 535 3215 θαυμάζεται
567 3134 658 3197 nulla
690 3135 815 3199 ratione
848 3155 915 3199 esse
950 3141 1055 3218 potest
1089 3135 1261 3218 „gaudium

161 3238 245 3320 quod
267 3237 312 3314 dii
334 3237 514 3319 percipiunt
542 3237 580 3301 de
609 3236 741 3300 interitu
769 3237 882 3301 domus
904 3242 1031 3302 nostrae
1054 3237 1261 3318 admirationi

160 3344 240 3405 est.“
283 3339 375 3403 Aliae
398 3348 523 3420 qnoque
547 3338 774 3421 explicationes
796 3340 897 3403 nimia
919 3344 989 3402 arte
1018 3341 1182 3420 quaesitae
1206 3338 1260 3403 de-

160 3442 246 3506 fendi
268 3461 332 3504 non
355 3444 495 3523 possunt.
536 3438 742 3505 Seribendum
764 3441 896 3505 minima
918 3442 1093 3505 mutatione
1114 3437 1206 3526 χάρις
1229 3435 1259 3504 δ’

106 3597 108 3600 ,
159 3537 301 3630 άιοῆμοιν
322 3535 485 3623 ὀλομένων
504 3537 708 3623 θαυμάζεται
729 3543 749 3605 i.
768 3562 794 3605 e.
820 3542 978 3621 „beatitas
993 3550 1190 3607 mortuorum
1205 3543 1262 3606 do·

160 3646 280 3710 loribus
301 3663 403 3710 vacua
423 3643 589 3728 praeclara
611 3649 643 3708 et
668 3644 788 3708 invidia
811 3644 907 3728 digna
931 3645 1009 3709 mihi
1031 3645 1175 3709 videtur“
1207 3645 1260 3740 (ef.

161 3770 188 3813 v.
211 3751 297 3826 697).
862 3745 864 3748 ’

167 3893 369 3902 mm

231 3985 251 4054 ¹)
286 3985 410 4040 Eandem
428 3986 585 4054 explieandi
602 3986 738 4038 rationem
753 3985 813 4054 jam
830 3986 1050 4039 Schneidewinus
1069 3989 1178 4039 secutus
1198 4001 1260 4039 esse

160 4073 270 4128 videtur
286 4074 332 4144 (ad
349 4091 374 4128 v.
395 4074 482 4142 leae).
681 4100 688 4108 =
