2856 4776
757 420 796 481 66

222 605 323 669 multo
345 607 499 690 majorem
521 605 676 688 imprimit
698 605 836 669 ethicam
859 607 936 685 vim,
967 628 1065 689 quum
1088 607 1183 671 simul
1208 604 1331 690 signifi-

224 713 313 771 cetur
342 708 552 772 consideratio
581 713 614 770 et
643 713 804 789 respectus
825 708 1056 787 instituendus;
1096 709 1182 772 Pers.
1210 712 1270 771 801
1297 703 1333 782 ἐς

221 805 263 870 τὰ
284 813 339 871 νῖν
362 807 576 895 πεπραγμένα
598 807 786 893 βλέψαντα,
812 810 898 892 quod
920 833 982 873 non
1005 811 1108 874 solum
1123 815 1173 873 est
1197 809 1331 888 „videns

222 932 272 975 res
288 912 420 990 factas“,
443 912 498 975 sed
516 914 568 991 „in
585 913 691 975 animo
707 911 836 975 volvens
852 917 883 975 et
898 915 1069 996 respiciens
1087 931 1221 993 eaquae
1238 916 1332 992 gesta

222 1018 327 1075 sunt.“
352 1012 499 1077 (thoral
519 1008 590 1076 ἰόοῖ
602 1006 630 1076 δ’
638 1006 887 1098 όφασματοῦτο,
905 1009 1172 1100 σῆςέργονχερὸς,
1190 1007 1332 1098 σπάθης

222 1137 257 1176 τε
280 1109 421 1200 πληγάς,
453 1109 501 1191 εἰς
522 1113 558 1179 δέ
587 1116 642 1200 (de
665 1115 823 1179 Diodorfii
846 1118 1017 1200 scriptione
1040 1110 1098 1203 ἠδέ
1120 1115 1158 1179 of.
1183 1135 1220 1178 ea
1243 1136 1329 1197 quae

222 1237 319 1299 supra
331 1219 524 1300 monuimus)
548 1215 682 1305 θήρειον
704 1213 838 1304 γραφήν,
862 1219 915 1282 ubi
939 1241 1014 1282 cave
1034 1240 1075 1283 ne
1095 1225 1128 1282 te
1150 1218 1253 1300 fugiat
1273 1237 1331 1279 va-

220 1320 315 1382 riatio
339 1341 420 1402 quae
442 1320 662 1403 gradationem
678 1320 878 1402 aptissimam
894 1319 1002 1400 efficit;
1026 1320 1137 1404 Suppl.
1159 1324 1217 1382 103
1235 1313 1328 1382 ἰδέσ-

221 1424 277 1483 θω
298 1415 346 1497 εἷς
368 1417 461 1508 ὕβριν
483 1418 631 1508 βρότειον
649 1427 684 1499 1).
731 1430 757 1503 c)
780 1421 891 1504 Neque
915 1423 1008 1506 longe
1031 1423 1163 1486 abestis
1179 1441 1330 1503 ususper

221 1544 315 1605 quem
338 1519 385 1599 εἰς
406 1525 609 1608 conjungitur
638 1545 709 1588 oum
737 1523 840 1587 verbis
864 1524 990 1588 dicendi
1013 1530 1049 1588 ut
1070 1523 1270 1589 describatur
1294 1543 1328 1586 ο-

220 1628 303 1689 ratio
337 1627 444 1709 palam
474 1632 506 1689 et
534 1625 660 1713 publice
689 1626 816 1705 habita,
855 1626 910 1690 ubi
938 1648 996 1690 nos
1028 1627 1163 1691 dicimus
1196 1645 1327 1708 „gegen

221 1733 306 1807 vor“;
330 1749 411 1810 quae
434 1728 530 1792 dictio
554 1729 710 1810 imprimis
733 1729 837 1812 gravis
860 1735 907 1793 est
930 1735 962 1794 et
984 1729 1123 1813 grandis.
1161 1729 1247 1791 Pers.
1265 1729 1324 1789 161

221 1826 255 1905 ές
277 1821 306 1893 d'
331 1823 414 1911 ὑμᾶς
436 1827 498 1910 ἐρῶ
518 1834 628 1912 μόθον
651 1830 690 1895 cf.
715 1831 791 1895 Oed.
815 1854 840 1894 r.
866 1837 922 1911 933
952 1832 1002 1895 Ei.
1027 1835 1098 1894 596.
1144 1832 1174 1912 t)
1198 1829 1327 1892 Dicitur

220 1926 267 2009 εἷς
289 1933 327 1996 de
349 1932 443 1997 rebus
466 1953 548 2015 quae
572 1933 718 1997 auditum
741 1940 773 1997 et
794 1933 993 1997 intellectum
1015 1938 1154 2016 tangunt
1169 1937 1266 2013 atque
1284 1930 1325 1994 ab

220 2035 270 2097 his
293 2035 528 2117 percipiuntur3
567 2037 613 2099 ita
643 2036 748 2099 Prom.
774 2040 834 2098 689
859 2028 973 2098 οὔποτ’
996 2028 1109 2121 ηόχουν
1131 2025 1240 2114 ξένους
1260 2055 1325 2114 μο-

220 2136 357 2200 λεῖσθαι
386 2132 499 2220 λόγους
529 2131 576 2212 εἰς
606 2130 709 2200 άκοάν
731 2131 826 2218 έμάν;
863 2138 949 2202 Pers.
976 2142 1052 2218 1833
1091 2138 1167 2201 Ch0.
1193 2141 1254 2199 215
1277 2130 1326 2212 εἷς

221 2231 303 2325 ἴηιιν
324 2239 437 2320 μολεῖν
462 2247 556 2319 „ante
579 2239 686 2303 oeulos
708 2240 844 2303 venire.“
891 2241 917 2323 ε)
940 2240 988 2304 Ab
1012 2240 1069 2303 illa
1091 2238 1324 2323 significatione

221 2343 370 2430 motionis
398 2341 505 2423 aliquo
536 2341 674 2405 directae
698 2342 724 2405 is
746 2362 871 2424 quoque
895 2342 1007 2428 modus
1030 2343 1211 2406 tralationis
1234 2361 1325 2423 repe-

221 2445 336 2508 tendus
367 2449 429 2524 est,
468 2464 532 2526 qua
559 2444 676 2507 dicitur
705 2437 753 2519 εἰς
779 2444 817 2508 de
846 2445 971 2508 actione
998 2444 1160 2508 hominem
1182 2443 1324 2526 aliquem

221 2547 377 2610 afficiente
400 2547 464 2610 sive
486 2545 568 2610 bono
591 2547 655 2610 sive
677 2546 802 2610 infenso
825 2548 932 2610 animo
954 2547 1111 2630 praedita.
1158 2546 1243 2610 Satis
1266 2565 1324 2610 no·

220 2655 289 2712 tum
312 2654 360 2712 est
380 2648 463 2711 hanc
485 2647 746 2730 significationem
770 2654 920 2729 „contra“
945 2650 1030 2732 apud
1047 2649 1221 2713 Homerum
1244 2667 1323 2711 non-

220 2751 295 2815 dum
324 2751 476 2829 inveniri,
515 2771 618 2832 neque
645 2751 679 2814 in
707 2750 892 2815 universum
923 2751 1124 2834 frequentem
1146 2771 1213 2814 esse
1234 2749 1321 2832 apud

219 2853 342 2916 Atticos
365 2853 420 2935 qui
443 2845 502 2914 ἐπί
523 2851 573 2914 vel
596 2847 679 2937 πρός
700 2853 934 2936 praeferebant.
981 2853 1066 2937 Sept.
1092 2858 1153 2917 255
1183 2841 1209 2915 ὦ
1232 2873 1321 2935 παμ-

219 2956 334 3040 κρατές
355 2959 434 3033 Ζεῦ,
473 2950 596 3039 τρέψον
626 2948 674 3029 εἰς
703 2950 840 3041 ἐχθροὺς
869 2955 983 3038 βέλοςς
1019 2957 1104 3020 Pers.
1131 2960 1191 3020 739
1221 2951 1255 3032 ές
1285 2952 1322 3018 δὲ

220 3049 315 3120 παῖδ’
337 3053 414 3138 ἐμὸν
437 3051 518 3130 Ζεὺς
541 3047 736 3142 ἀπέσκηψεν
757 3055 906 3145 τελευτὴν
927 3053 1116 3144 θεσφάτων.
1159 3057 1206 3122 De
1232 3057 1318 3141 Sept.

220 3164 281 3223 628
305 3155 463 3245 δορίπονα
485 3153 555 3220 κάκ’
577 3154 819 3244 (έκ)τρέποντες
842 3152 875 3236 ές
896 3163 954 3243 γᾶς
977 3156 1172 3242 ἐπιμόλους,
1209 3160 1264 3225 ubi
1288 3157 1322 3236 ές

219 3268 306 3351 certa
328 3261 505 3324 Hermanni
534 3261 717 3342 conjectura
739 3262 884 3326 additum
915 3270 980 3342 est,
1018 3262 1057 3326 cf.
1087 3264 1190 3346 ipsum
1219 3263 1261 3327 ad
1291 3285 1318 3326 v.

205 3368 295 3441 .609;
319 3362 513 3426 Heimsoeth.
540 3363 589 3442 „d
614 3363 706 3427 indir.
730 3364 877 3428 Ueberl.“
902 3388 932 3447 p.
955 3369 1005 3426 87.
1046 3367 1102 3447 Ag.
1127 3370 1190 3430 510
1212 3360 1321 3445 τόξοις

219 3459 346 3529 ἰάπτων
369 3457 416 3539 εἷς
440 3457 525 3550 ἡμᾶς
546 3460 643 3549 βέλιμ
668 3469 749 3529 1464
772 3459 848 3552 μηδ’
872 3461 919 3542 εἰς
940 3460 1068 3552 Ἑλένην
1089 3463 1186 3530 κότον
1208 3463 1318 3553 έκτρέ-
1354 3477 1360 3487 ’

217 3579 302 3654 ψης,·
322 3568 427 3631 Prom.
452 3571 512 3629 945
536 3561 592 3628 τὸν
614 3560 819 3652 ἐξαμαρτόντ’
842 3565 876 3644 ές
896 3564 997 3646 θεούς
1026 3568 1078 3652 (of.
1104 3569 1154 3633 So.
1179 3568 1317 3633 Oed.'C.

218 3674 293 3747 9683
327 3671 399 3734 Ant.
428 3672 536 3747 1348);
575 3673 654 3733 1086
677 3664 724 3746 εἰς
745 3661 868 3756 άλληλα
892 3665 1008 3734 στάσιν
1030 3663 1206 3734 άντίπνουν
1228 3663 1318 3734 άπα-

288 3905 309 3972 1)
344 3906 420 3957 Idem
439 3908 530 3957 exstat
549 3906 696 3959 discrimen
714 3906 742 3957 iu
761 3906 856 3975 lingua
875 3907 980 3959 Graeca
998 3906 1070 3958 inter
1088 3903 1169 3975 ὁρᾶν,
1191 3906 1261 3959 ἰδεῖν
1280 3910 1320 3966 εἴς

217 4010 243 4042 τι
262 3997 290 4044 et
307 3997 342 4053 τί,
361 3993 434 4060 quod
452 3994 481 4044 in
500 3998 594 4047 nostro
611 4011 736 4046 sermone
754 3995 825 4048 inter
847 3994 954 4047 »Etwas
975 3995 1071 4047 sehen«
1094 3998 1122 4046 et
1143 3995 1207 4046 »auf
1221 3995 1319 4049 Etwae

217 4081 323 4133 sehon«
