2856 4776
692 394 730 455 17

160 573 217 643 τὲκ
239 572 357 663 limos).
402 571 585 669 πρᾷλεοχος
599 575 708 660 Suppl.
728 581 790 640 200
807 581 974 660 „procax“‚
996 577 1178 661 oppositum
1193 596 1264 641 ver·

160 680 210 744 bis
238 675 379 765 ἐφολκὸς
408 676 443 743 ἐν
470 674 574 763 λόγῳ,
606 673 666 743 {lm
690 679 755 763 loy.
777 684 835 744 est.
881 675 1046 765 πρόνομος
1068 678 1177 762 Suppl.
1202 683 1260 743 691

163 782 249 864 quod
280 803 382 865 neque
412 801 482 846 esse
510 786 616 876 potest
646 801 800 864 „pronus
835 784 939 865 capite
969 802 1070 865 prono
1100 785 1263 864 pascens“‚

162 903 222 948 nec
245 884 298 964 „in
320 883 552 968 progrediendo
572 887 735 965 pascens“,
772 883 945 951 rectissime
968 882 1168 966 Hartungius
1196 901 1265 945 mu·

162 985 245 1050 tavit
266 986 300 1053 in
323 979 502 1066 ποιονόμος
524 983 576 1067 (cl.
599 983 656 1067 Ag.
677 988 781 1069 1169).
826 985 911 1051 Num
932 991 1018 1051 recte
1040 983 1160 1049 habeat
1179 1002 1265 1068 προ-

163 1082 325 1173 πράσσειν
346 1089 380 1152 in
405 1087 482 1152 Cho.
507 1091 569 1150 834
599 1084 725 1151 difficile
753 1087 869 1152 estad
900 1086 1159 1164 discernendum
1203 1083 1266 1149 lor-

165 1189 399 1257 tssse—defendi
421 1194 528 1272 potest
549 1197 757 1270 („exsequere
779 1195 944 1271 tamquam
965 1192 1266 1272 propugnator“;-—

165 1312 312 1374 perverse
334 1288 556 1357 Blomfieldius
578 1296 610 1354 et
631 1288 768 1354 Bothius
788 1291 1014 1374 explicavere);
1043 1289 1099 1358 sed
1119 1286 1267 1372 probabi-

166 1392 227 1457 lior
256 1398 304 1459 est
333 1393 494 1457 sententia
524 1412 633 1455 eorum
665 1393 721 1473 qui
740 1388 916 1457 'lectionem
946 1392 1062 1456 codicis
1084 1395 1267 1473 corruptam

166 1498 290 1575 putant.
334 1494 425 1558 Idem
454 1493 624 1565 dicendum
653 1492 693 1556 de
722 1488 926 1579 π’ροχαιρέτω
952 1497 1010 1577 Ag.
1033 1496 1093 1557 251
1125 1491 1179 1576 (cf.
1203 1490 1268 1557 Ah-

164 1597 306 1659 rensium
335 1595 369 1658 in
399 1593 513 1659 Philol.
545 1594 654 1676 Suppl.
680 1594 703 1657 Ι.
729 1599 807 1675 302;
839 1594 1093 1660 Heimsoethi'um
1122 1616 1153 1677 p.
1179 1596 1267 1676 269).

165 1692 354 1783 προοτόμια
376 1696 486 1779 Suppl.
511 1701 529 1760 3
553 1715 620 1760 csse
643 1716 707 1759 uon
729 1701 835 1779 potest
856 1696 961 1779 ipsum
983 1695 1123 1760 fluminis
1146 1716 1189 1775 oe,
1212 1695 1268 1760 sed

165 1818 242 1881 pars
264 1803 371 1862 terrac
393 1803 467 1860 ante
490 1798 607 1861 ostium
634 1797 697 1867 sita
724 1803 761 1866 ut
782 1798 905 1863 Pharos
933 1799 1053 1876 insula3
1091 1803 1187 1880 poeta
1208 1797 1269 1862 hoc

168 1899 296 1961 nomine
317 1897 352 1962 id
373 1898 478 1962 dicere
499 1897 626 1962 videtur
647 1898 732 1980 quod
753 1899 858 1964 Prom.
876 1903 935 1962 841
962 1893 1144 1984 πρίσχωμα
1167 1904 1268 1978 vocat,

169 2020 240 2063 eam
262 1997 424 2082 regionem
444 1998 478 2062 in
500 2019 564 2082 qua
586 1998 749 2084 Canopum
773 2002 868 2065 sitam
890 2001 977 2064 dicit.
1028 1999 1088 2065 Oui
1111 1999 1270 2083 significa·

167 2102 247 2177 tioni
277 2101 375 2165 etiam
405 2101 624 2185 praedicatum
652 2097 930 2188 λεπτοψαμάθων
952 2103 1077 2186 egregie
1099 2101 1270 2186 respondet

169 2201 306 2287 (Herm.)
326 2202 364 2287 ¹).
410 2201 458 2266 De
486 2198 624 2288 βροτοὺς
653 2201 687 2267 ἒν
714 2196 814 2290 οἴκτῳ
843 2201 1051 2290 προθέμενος
1078 2206 1182 2269 Prom.
1207 2207 1269 2281 239

167 2304 247 2369 nihil
262 2305 401 2384 dicerem
423 2305 486 2369 nisi
505 2305 646 2370 viderem
661 2307 779 2371 multos
797 2311 834 2370 ut
848 2306 1009 2386 Bothium‚
1032 2306 1158 2386 Blemi,
1180 2305 1269 2386 alios,

167 2401 399 2492 προτίθεσθαι
419 2405 599 2490 significare
620 2413 750 2491 putasse
774 2408 974 2492 „praeferre“
999 2430 1040 2473 sc.
1057 2409 1129 2474 lori
1145 2413 1178 2472 et
1193 2407 1269 2486 diis;

168 2516 217 2573 est
237 2529 311 2573 uero
333 2507 415 2571 nihil
437 2508 498 2573 nisi
524 2508 604 2588 „sibi
625 2515 822 2593 proponere“
851 2510 1041 2576 collocutio
1063 2509 1190 2595 gravior
1211 2529 1270 2591 pro

158 2606 299 2674 θέσθαι
322 2606 355 2673 ἐκ
378 2601 477 2694 οἴκτῳ
492 2632 523 2693 q.
540 2631 566 2674 e.
583 2605 753 2698 οἰκτείρειν
760 2640 772 2692 ,·
792 2611 831 2676 cf.
849 2612 898 2677 So.
919 2613 968 2677 El.
990 2617 1079 2678 1334.
1126 2611 1270 2694 Denique

168 2712 308 2776 asscribe
332 2710 413 2776 haec
433 2732 508 2776 rara
530 2712 580 2777 vel
602 2714 689 2797 apud
712 2713 814 2777 solum
829 2713 1204 2803 Aeschylumzexotantia
1217 2735 1271 2779 uo·

168 2813 301 2891 cabula:
324 2807 498 2898 πρόπολος
519 2813 678 2907 0116366
702 2816 844 2895 „socius“
869 2816 919 2881 vel
942 2817 1041 2882 etiam
1065 2821 1270 2900 „tyrannus

170 2911 356 3002 πρόπυργοι
386 2910 506 2981 θοοίαι
537 2916 595 3000 Ag.
630 2920 711 2981 1168
748 2917 925 2998 „sacrificia
955 2940 1014 3002 pro
1046 2919 1135 2985 urbis
1167 2917 1271 2987 salute

170 3016 286 3096 facta“;
310 3012 546 3102 προχαλκεύεικ
562 3017 640 3083 Cho.
657 3023 718 3082 647
736 3020 960 3102 „procudere“;
983 3015 1120 3107 πρόπαρ
1136 3025 1270 3101 „anteat

241 3260 262 3330 ¹)
297 3261 339 3314 De
356 3259 433 3314 falsis
451 3263 646 3315 nonnullorum
665 3262 808 3315 sententiis
827 3261 862 3315 cf.
875 3256 989 3332 ἀποπρό
1003 3262 1054 3315 sub
1067 3258 1132 3313 ἀπό.
1168 3263 1273 3318 Tamen

170 3344 311 3417 quaeritur
329 3366 365 3401 an
383 3367 439 3402 non
458 3350 609 3417 simplicius
628 3345 810 3420 προστόμιοκ,
829 3364 882 3417 qua
899 3365 967 3402 voce
983 3349 1096 3403 Polluce
1112 3354 1185 3404 teste
1198 3353 1222 3421 2,
1236 3355 1271 3406 90

171 3436 227 3504 (ubi
245 3435 280 3490 cl.
299 3436 460 3504 Beckerum)
485 3429 600 3490 notatur
623 3437 802 3491 commissura
826 3437 979 3505 labrorum,
1006 3437 1162 3499 describere
1185 3440 1274 3508 possit

172 3523 300 3577 ultimam
317 3524 373 3577 oris
391 3527 514 3591 partem,
533 3528 562 3581 et
579 3525 653 3592 apud
671 3527 768 3592 poetes
786 3541 816 3577 os
834 3523 954 3577 fluminis
971 3525 1000 3576 in
1018 3524 1184 3581 universum.

237 3609 259 3678 ²)
295 3610 364 3678 Quia
388 3610 586 3679 praepositioni
608 3607 663 3680 πρό
687 3612 765 3681 nulla
787 3612 841 3666 alia
864 3616 923 3665 tam
946 3612 1100 3680 propinqua
1125 3617 1167 3666 est
1190 3631 1272 3683 quam

169 3691 256 3768 ὑπέρ·
282 3699 347 3767 quis
369 3701 512 3767 praeterea
530 3697 610 3766 hujus
630 3697 787 3767 conjunctio
805 3717 868 3753 cum
886 3699 1042 3752 accusativo
1061 3699 1135 3768 apud
1152 3701 1273 3771 Aeschy-

169 3781 228 3835 lum
246 3784 357 3851 quidem
375 3783 463 3835 multo
480 3783 594 3838 minoris
613 3787 746 3839 momenti
765 3789 807 3839 est
825 3803 907 3854 quam
921 3803 984 3840 cum
995 3786 1132 3857 genetivo,
1147 3788 1206 3857 jam
1218 3791 1272 3842 sta-

167 3869 220 3922 tim
238 3888 288 3923 nos
306 3874 446 3925 vertamus
465 3870 500 3923 sd
517 3873 693 3925 tractandam
704 3873 936 3940 praepositionem
948 3869 1026 3944 ὑπέρ.
1062 3874 1106 3928 Ita
1119 3872 1189 3937 ἀντί,
1208 3869 1273 3937 ὑπό,

168 3951 248 4027 ὑπέρ,
265 3957 296 4010 id
315 3959 388 4026 quod
406 3958 557 4026 optandum
574 3960 691 4027 videtur,
711 3975 740 4012 se
758 3959 925 4028 excipientis
943 3964 971 4015 et
988 3961 1062 4015 inter
1080 3978 1109 4015 sc
1125 3962 1274 4030 conjuncta

169 4041 279 4098 facilem
298 4044 532 4112 comparationem
550 4050 578 4099 ct
595 4050 773 4114 conspectum
793 4049 968 4104 commodum
984 4049 1158 4118 permittunt.

1008 4154 1025 4205 2
