2856 4776
690 397 838 484 as!

87 638 89 640 ,
161 606 233 649 cum
249 583 360 650 verbo.
406 584 455 649 Ad
477 583 586 667 priora
608 559 752 667 spectant
774 582 831 666 Ag.
856 585 918 647 624
941 573 1136 668 άφανταςὲξ
1148 574 1261 662 ’Λχαι-

160 689 233 752 ῖκοιῖ
253 690 411 772 οτρατοιῖς
434 688 598 751 Peraean
624 681 742 771 Τυρίας
763 682 805 748 ἐκ·
820 680 896 761 ναδς
918 678 1085 769 ἔρρονταςς
1109 685 1165 765 Ag.
1182 688 1259 747 1311

162 785 275 869 ὅμοιος
296 781 400 870 άτμδς
421 784 528 873 ιῗςπερ
551 785 586 852 ἐκ
607 783 713 873 τάφου
735 783 875 871 πρέπεις
897 784 934 849 fr.
961 791 1011 863 58,
1034 791 1067 865 83
1092 786 1176 849 Pers
1200 790 1261 849 707

30 963 34 973 ¹
105 924 107 927 ·
161 887 271 955 πολλὰ
293 889 353 972 μὲν
376 890 436 977 γάρ
459 889 494 956 ἐκ
515 886 704 975 θαλάσσης,
729 885 839 952 πολλὰ
860 881 889 952 δ
913 885 948 951 ἐκ
968 885 1083 973 χέρσου
1105 883 1188 951 κακά
1210 883 1262 970 γίτ

162 1016 272 1078 ννεται
295 997 435 1080 θνητοῖς
456 995 477 1058 1.
501 1015 527 1057 e.
552 989 676 1078 ἔρχεται
702 996 838 1072 „stdrmt
859 991 912 1054 ein
934 989 1027 1068 auf“;
1065 990 1175 1073 Suppl,
1199 997 1261 1055 443

160 1092 216 1161 καὶ
229 1092 399 1183 χρημάτων
413 1093 473 1178 μὲν
488 1094 524 1158 ἐκ
539 1092 648 1176 δόμιυν
662 1091 907 1180 πορθουμένόν,
927 1113 1025 1176 quem
1041 1113 1167 1156 versum
1182 1093 1263 1157 Her·

162 1221 298 1264 mannus
321 1199 439 1281 injuria
461 1218 590 1281 prorsus
613 1197 766 1275 mutavit3
790 1193 826 1260 ἐκ
847 1191 957 1277 δόμων
972 1198 1116 1280 πορθεῖν
1131 1217 1263 1262 nervose

160 1302 297 1380 dictum,
320 1307 357 1366 ut
378 1301 476 1365 etiam
499 1300 614 1366 Athen.
638 1323 668 1383 p.
686 1303 747 1363 523
764 1299 801 1362 Α.
827 1298 953 1381 scripsit
975 1301 1129 1383 corbeia
1141 1295 1177 1362 ἐκ
1197 1302 1263 1363 ταῖν

163 1399 305 1489 ἱερῶντὰ
317 1407 407 1467 θεῶν
418 1396 608 1487 αἠάλματας
623 1402 827 1467 Hermannus
842 1421 968 1466 sensum
981 1421 1046 1464 non
1056 1407 1186 1465 mutans
1193 1403 1264 1485 pub

162 1507 359 1571 chritudines
381 1505 442 1570 loci
467 1505 581 1585 diruit3
604 1526 713 1568 versus
736 1504 790 1586 qui
813 1508 990 1586 sequuntur
1006 1504 1155 1586 corrupti.
1184 1506 1264 1580 ¹Im-

161 1608 277 1693 primis
304 1606 459 1672 notabilia
489 1612 565 1670 sunt
591 1606 689 1673 verba
718 1607 751 1670 in
780 1605 866 1688 Sept.
892 1608 953 1669 228
975 1626 1032 1687 per
1053 1606 1264 1678 variationem

162 1709 388 1794 perpulchram
406 1714 449 1788 ¹):
488 1705 632 1773 πολλάκι
660 1701 688 1771 δ
714 1706 751 1772 4ἐν
778 1709 909 1770 κακοῖσι
935 1702 994 1769 τὸν
1012 1701 1180 1788 α’μάχανον
1202 1703 1265 1772 κάκ

160 1812 307 1892 χαλεποῖς
330 1807 409 1888 δύας
423 1849 440 1859 -
456 1804 556 1896 ὀρθοῖ
585 1813 686 1892 (σαυῖ,
711 1802 817 1896 άρεῖῬ)
857 1810 909 1889 ,11
931 1810 1026 1880 rebus
1049 1812 1188 1880 adversis
1210 1813 1263 1878 de-

162 1921 344 1998 sperantem
367 1921 401 1979 ct
423 1936 462 1978 ex
484 1915 572 1996 gravi
595 1914 704 1996 lugere
727 1912 820 1994 erigit
842 1912 862 1975 i.
881 1933 907 1975 e.
933 1920 1186 1994 summovet-e“3
1208 1915 1265 1984 ubi

160 2016 244 2081 falsa
263 2021 325 2080 -est
359 2017 454 2081 lectio
488 2022 520 2079 et
551 2016 773 2099 interpretatio
801 2014 961 2078 Schuetzii
989 2020 1085 2096 atque
1117 2011 1262 2094 aliorum.

162 2119 276 2184 Nonne
305 2119 407 2182 multo
437 2119 539 2200 magis
569 2118 756 2201 graphicum
780 2122 829 2182 est
850 2117 878 2180 si
899 2117 932 2180 in
954 2117 1059 2188 Promf
1083 2123 1123 2182 59
1146 2119 1264 2203 legitur

163 2215 269 2297 δεινὸς
295 2217 355 2305 γάρ
387 2215 491 2304 εὑρεῖν
519 2214 582 2298 κάξ
608 2212 779 2306 άμηχάνιον
807 2216 950 2305 πόρους,
987 2241 1083 2302 quam
1114 2221 1141 2284 si
1168 2228 1265 2305 poeta

162 2323 338 2405 scripsisset
359 2319 394 2386 ἐν
415 2316 613 2408 άμηχάνοιςθ
643 2343 749 2386 nonne
770 2322 804 2386 in
828 2323 913 2386 Pers.
938 2327 978 2386 56
1000 2319 1040 2386 τὸ
1060 2320 1264 2410 μαχαιροφό-

162 2448 218 2510 ρον
240 2419 376 2500 τ’ἐθνος
398 2421 433 2514 ἐκ
450 2420 560 2510 πάσης
574 2419 690 2501 Ἀσίας
704 2421 830 2504 ἕπεται,
855 2421 891 2488 ἐκ
906 2426 992 2507 quod
1006 2425 1143 2508 perbene
1159 2427 1266 2491 omitti
1302 2496 1306 2500 ,

162 2529 268 2611 potuit
295 2528 401 2605 (11.1.
426 2532 465 2590 59
492 2521 612 2591 τοιόνδ’
634 2519 738 2602 άνθος
766 2521 930 2611 Περσίδος
957 2520 1033 2603 αῖας
1060 2521 1183 2606 οῖχεται
1205 2521 1264 2590 άν-

164 2628 263 2714 δραῖν)
285 2628 538 2712 magnitudinem
560 2629 719 2693 exercitus
741 2649 858 2712 augere
879 2630 1025 2693 videtur?
1053 2668 1094 2676 -
1131 2631 1265 2696 Notissi-

163 2751 234 2794 mae
263 2736 338 2794 sunt
365 2731 540 2795 locutiones
569 2733 728 2814 quaedam
757 2733 790 2795 in
820 2731 935 2813 quibus
965 2728 1001 2794 ἐκ
1030 2732 1169 2814 positum
1197 2753 1264 2797 esse

163 2832 290 2896 videtur
312 2853 369 2915 pro
393 2829 442 2909 a'v,
481 2854 564 2916 quae
595 2840 704 2898 tamen
727 2834 774 2898 ita
796 2834 1004 2916 explicandae
1026 2841 1101 2898 sunt
1121 2840 1158 2899 ut
1178 2835 1265 2899 dica-

161 2956 233 2998 mus
262 2955 335 3000 eum
357 2936 413 3017 qui
434 2935 585 3017 loquatur
606 2936 782 3019 respexisse
805 2935 1065 3000 locumalterius
1087 2937 1263 3019 cujusdam.

162 3037 214 3101 Ita
244 3037 342 3101 etiam
371 3038 405 3101 in
436 3037 701 3120 descriptionibus
728 3037 786 3120 Ag.
813 3042 872 3101 116
893 3033 985 3123 χερός
1007 3036 1042 3101 ἐκ
1064 3035 1264 3124 δοριπάλτου

163 3139 248 3223 quod
272 3139 353 3205 nihil
375 3146 424 3206 est
445 3141 507 3204 nisi
530 3139 736 3223 amplificatio
758 3141 884 3224 poetica
905 3141 1074 3206 locutionis
1095 3142 1264 3207 usitatissi-

163 3263 234 3305 mae
258 3239 294 3304 ἑκ
314 3237 406 3327 χερὸς
428 3237 550 3321 δεξίαςς
572 3242 657 3306 Pers.
683 3249 731 3322 76,
756 3247 816 3306 707
841 3240 875 3305 ἐκ
897 3238 1086 3329 θαλάσσηςς
1108 3245 1165 3326 Ag.
1183 3248 1264 3309 1554

161 3337 195 3407 oi
217 3340 253 3422 ἐξ
273 3336 364 3407 οἴκου
385 3344 406 3407 1.
431 3366 457 3408 e.
481 3339 514 3409 oi
536 3338 677 3424 οἰκέταις
711 3345 814 3408 Prom.
840 3349 900 3408 896
924 3338 955 3407 οῖ
979 3341 1014 3424 ἒξ
1034 3338 1170 3431 οὐρανοῦ
1190 3346 1210 3408 1.
1235 3367 1262 3409 e.

161 3439 193 3510 oi
224 3439 369 3531 οὐράνιοι
396 3446 450 3524 (cf.
481 3446 598 3529 Krueg.
631 3468 676 3528 gr.
706 3467 751 3529 gr.
783 3448 807 3513 Ι.
838 3452 887 3525 50,
911 3452 940 3526 8,
967 3447 1029 3530 17).
1074 3446 1147 3511 Alia
1177 3447 1264 3512 dicta

163 3548 268 3611 minus
292 3548 450 3632 simplicia
471 3547 613 3612 libertati
637 3555 804 3631 poetarum
826 3555 900 3614 sunt
922 3550 1102 3614 tribuenda.
1128 3548 1204 3614 Cho.
1223 3554 1262 3613 72

162 3643 263 3733 πόροι
297 3645 418 3727 πάντες
447 3646 482 3712 ἐκ
512 3653 590 3731 μιοῖς
617 3645 695 3715 boot
716 3648 894 3729 διαίνοντες
917 3654 973 3736 (1),
1010 3652 1061 3716 cui
1084 3652 1264 3717 simillimus

162 3757 211 3817 eet
238 3752 326 3817 locus
354 3753 388 3818 in
413 3753 501 3816 Pers.
526 3757 587 3816 462
618 3751 863 3841 ἐφορμηθέντες
893 3751 929 3835 ἐξ
952 3749 1023 3830 ἑνὸς
1050 3751 1170 3840 ῥόθους
1207 3752 1261 3827 (cf.

165 4003 168 4008 ·
233 3981 253 4048 ¹)
289 3981 313 4032 E
339 3998 393 4048 quo
418 3980 478 4034 loeo
502 3981 585 4034 etiam
608 3981 661 4036 hoc
684 3981 807 4035 cernitur
829 3986 940 4049 poetam
964 3981 1018 4035 sibi
1038 3981 1090 4036 hac
1113 3982 1141 4034 in
1160 3997 1190 4034 re
1207 3997 1263 4034 non

160 4067 325 4123 eminuisse.
383 4099 385 4102 <
