2856 4776
688 396 728 463 32

45 571 48 576 ’
160 580 214 645 bet
232 587 264 646 et
287 581 423 665 simplex
445 601 510 645 non
531 580 637 645 minus
658 585 734 664 apte
756 581 862 646 sedem
885 581 1029 649 invenire
1051 580 1156 664 potuit
1171 601 1209 643 ac
1225 600 1259 643 re

159 702 234 747 vera
255 683 385 749 invenit.
429 683 532 747 Erant
557 683 641 754 enim
665 683 733 765 jam
755 683 812 747 illa
834 689 940 747 aetate
963 704 1028 747 non
1050 702 1153 764 pauca
1175 702 1259 745 oom-

159 784 264 867 posite.
288 785 323 848 in
351 784 465 866 quibus
492 789 634 868 potestas
662 786 906 868 praepositionis
933 807 994 853 usu
1020 784 1180 866 frequenti
1203 789 1261 850 aut
1344 811 1348 821 ·

159 907 289 968 prorsus
320 886 505 951 interiverat
536 893 594 953 aut
627 887 823 956 comminuta
855 894 933 953 erat.
992 886 1064 950 Huc
1098 886 1262 967 pertinent

160 981 373 1066 ἀποκτείνειν,
398 981 588 1068 ἀπολλύναι,
613 981 818 1074 ἀποστερεῖν,
843 983 1073 1076 ἀποφθείρειν,
1090 982 1258 1071 ἀπάγχειν,

160 1084 377 1176 ἀποφθίνειν,
409 1083 637 1176 ἀφικνεῖσθαι,
669 1083 899 1175 ἀπαγγέλλειν,
929 1084 1148 1170 ἀποιμώζειν,
1172 1082 1261 1153 ἀπο-

160 1187 323 1276 κρύπτειν,
347 1192 450 1257 multa
464 1192 536 1260 alia
552 1197 585 1272 ¹).
632 1191 679 1256 De
702 1214 777 1258 voce
799 1185 946 1279 ἀπαρχος
967 1193 1077 1258 eodem
1102 1193 1261 1274 spectanti

160 1294 257 1361 liceat
278 1294 356 1361 mihi
377 1295 454 1378 ipsis
476 1295 623 1361 Ahrensii
645 1295 770 1378 (Philol.
789 1295 898 1378 Suppl.
922 1296 948 1360 Ι.
971 1318 1001 1378 p.
1021 1296 1095 1376 629)
1117 1295 1169 1358 cui
1186 1294 1263 1364 asti-

161 1396 255 1481 pulor
281 1396 384 1463 verbis
411 1397 473 1462 uti:
513 1396 622 1474 „Naoh
645 1396 780 1467 Canters
802 1398 995 1480 Aenderung
1022 1398 1065 1462 ist
1092 1396 1263 1480 allgemein

162 1500 234 1586 (Ag.
255 1500 353 1582 1227)
375 1519 486 1563 ausser
506 1520 568 1562 von
590 1498 733 1563 Klausen
755 1493 899 1584 ἔπαρχος
920 1497 1133 1580 gesohrieben.
1178 1497 1265 1563 Aber

158 1601 249 1684 jones
270 1601 313 1665 ist
334 1599 416 1667 auch
437 1601 523 1664 Pers.
548 1603 610 1663 322
632 1603 722 1683 (327)
753 1595 902 1664 Ketaion
924 1591 1086 1683 άπαρχος,
1103 1621 1173 1666 .wo
1203 1600 1266 1665 seit

163 1701 293 1773 Bruuok
324 1705 585 1787 (ausgenommen
617 1722 679 1766 von
712 1702 890 1784 Wellauer)
929 1723 991 1765 nur
1027 1710 1085 1766 aus
1120 1702 1265 1784 wenigen

163 1804 362 1872 schlechtern
383 1802 634 1869 Handschriften
663 1799 805 1890 ἔπαρχος
835 1808 955 1886 gesetzt
981 1804 1048 1867 und
1069 1825 1130 1867 von
1152 1803 1265 1870 Herm.

161 1900 306 1992 ὕπαρχος
326 1905 508 1975 vermuthet
527 1907 578 1972 ist.
625 1906 715 1972 Auch
743 1907 801 1971 das
822 1904 964 1970 Verbum
993 1897 1151 1990 ἀπάρχειν
1182 1905 1266 1977 ohne

162 2007 364 2077 wesentliobe
387 2007 668 2075 Versohiedenheit
689 2028 761 2075 vom
784 2007 925 2090 Simplex
955 2005 1061 2074 findet·
1084 2006 1150 2073 sich
1172 2005 1263 2075 Pind.

85 2153 88 2165 ·.
163 2111 203 2175 N.
227 2117 256 2189 4,
279 2114 317 2174 47
342 2103 427 2177 ἔνθα
452 2112 590 2194 Τεῦκρος
611 2101 751 2192 ἀπάρχει
773 2108 903 2192 (Scholl.
927 2101 1142 2196 ἡγεμονεύει);
1179 2108 1266 2175 deno

163 2211 294 2275 Dissens
315 2210 496 2293 Erkl'arung
521 2211 651 2294 „procul
672 2215 803 2294 regnat“
835 2210 902 2275 und
930 2209 1062 2293 Bergk’e
1089 2209 1266 2292 Vorschlag

164 2305 223 2384 λίπ’
245 2305 334 2398 άρχει
363 2336 403 2377 κα
431 2312 596 2377 schreiben
623 2313 694 2377 sind
720 2313 810 2377 nicht
830 2313 968 2396 weniger
989 2310 1202 2390 unnatiirlioh-
1217 2310 1268 2377 als

165 2415 264 2481 altere
287 2414 653 2499 Erkl'arungsversuche,
686 2413 803 2484 welche
832 2414 899 2479 sich
923 2413 987 2483 aul
1013 2414 1075 2478 den
1098 2411 1268 2482 Gebrauch
1345 2421 1347 2424 ⁴

165 2539 227 2587 von
247 2510 461 2602 ἀπάρχεσθαι
484 2521 632 2583 stiitzten.
685 2517 776 2582 Auch
800 2517 928 2600 Dionys.
953 2539 982 2581 v.
1005 2517 1078 2583 Hal.
1103 2516 1160 2581 hat
1183 2513 1273 2599 noch¹

165 2612 324 2706 ἀπάρχειν
345 2624 410 2684 τῶν
430 2612 593 2705 ὀρχηστῶν
616 2620 659 2682 im
682 2619 779 2684 Sinne
802 2641 864 2683 vou
886 2613 1051 2707 ἡγεῖσθαι.
1103 2615 1268 2685 Hicrnaoh

165 2722 208 2813 ist
230 2741 263 2786 es
284 2721 582 2805 ungerechtfertigt‚
603 2722 694 2806 jenes
716 2720 931 2802 ischyleische
953 2712 1099 2805 άπαρχος
1116 2754 1151 2779 =
1169 2712 1268 2804 ἀρχάς

166 2822 340 2906 beseitigen
363 2845 402 2892 zu
425 2823 547 2888 wollen.
592 2823 652 2888 Die
674 2823 877 2905 Pr'aposition
899 2822 1022 2886 soheint
1045 2823 1127 2901 hier,
1150 2823 1208 2886 wie
1231 2841 1269 2886 so

167 2924 215 2988 oft
241 2925 274 2988 in
298 2924 354 2988 der
375 2925 715 3008 Zusammensetzung,
746 2945 807 2988 nur
831 2924 900 2988 eine
923 2923 1147 2989 verst'arkende
1170 2923 1269 2988 Kraft

166 3049 206 3090 zu
228 3025 364 3091 haben.“
410 3026 529 3104 Quibus
551 3029 598 3091 ita
620 3027 791 3109 disputatis
812 3027 896 3090 idem
918 3026 1012 3090 homo
1035 3025 1146 3090 doctus
1171 3027 1270 3090 etiam

167 3129 201 3192 in
226 3127 302 3194 Cho.
325 3131 386 3192 664
408 3129 571 3193 emendari
591 3129 684 3211 jubet
704 3125 779 3215 γυνὴ
802 3121 829 3212 γ’
845 3119 1000 3213 ἀπαρχος.
1045 3127 1161 3206 (Aliter
1179 3127 1267 3211 judi-

167 3231 285 3297 dicavit
307 3229 453 3296 Meineke
473 3231 507 3293 in
529 3229 642 3295 Philol.
671 3235 718 3295 19.
742 3253 773 3314 p.
790 3235 887 3311 208.).
919 3268 962 3279 —-
1005 3231 1054 3294 Ex
1084 3229 1268 3314 compositis

167 3335 334 3413 praeterea
354 3331 438 3404 addo
461 3332 556 3397 haec:
587 3323 741 3398 ἀπειπεῖν
764 3327 856 3398 δίκαν
879 3332 955 3397 Cho.
981 3336 1043 3397 398
1073 3354 1137 3400 non
1165 3331 1269 3396 solum

168 3439 217 3502 eet
241 3434 310 3516 „jue
331 3453 478 3517 poscere,
500 3439 683 3516 quaerere“‚
707 3435 762 3499 sed
786 3436 856 3517 „jus
877 3455 983 3499 meum
1004 3454 1197 3517 persequens
1218 3431 1269 3496 ul-

168 3536 289 3599 tionem
318 3539 458 3618 repeto.“
501 3535 588 3599 Rara
617 3542 693 3600 sunt
722 3537 880 3619 adjectiva
907 3537 1082 3618 composita
1104 3556 1177 3599 cum
1199 3527 1270 3598 ἀπό

168 3637 339 3719 inquibus
359 3637 553 3720 praepositio
584 3659 711 3704 sensum
740 3638 839 3702 habet
868 3638 997 3701 carendi
1027 3643 1064 3701 ut
1086 3639 1128 3701 sit
1149 3637 1269 3716 ‚‚sine“‚

169 3739 189 3803 i.
207 3757 234 3802 e.
258 3737 343 3801 idem
365 3738 449 3819 quod
471 3731 703 3827 crespusculo.
747 3739 851 3804 Prom.
869 3743 910 3802 20
933 3731 1186 3824 ἀπάνθρωπος,
1210 3738 1268 3822 Ag.

243 3963 264 4032 l)
300 3947 336 4017 cl.
353 3963 437 4017 etiem
454 3964 483 4016 in
500 3964 598 4019 Philol.
617 3963 713 4031 Suppl.
731 3962 753 4018 1.
767 3964 818 4017 605
836 3962 986 4032 perbonam
1005 3962 1194 4031 conjecturem
1212 3957 1273 4016 ἀπ·

171 4054 291 4104 ἔπαυσεν
308 4051 345 4107 sd
361 4052 413 4121 Ag.
435 4054 502 4106 1024
520 4052 713 4122 excogitatam.
