2856 4776
730 414 772 474 20

205 592 373 682 δισέρμοο
395 592 560 678 δαιμόνων
582 592 732 682 μηνίεται
758 597 779 660 i.
803 616 830 659 e.
856 593 922 672 „ita
944 599 982 660 ut
1002 593 1072 676 ejus
1093 594 1143 658 ira
1164 593 1244 658 mihi
1265 595 1309 660 sit

205 699 384 779 commodo,
416 705 455 763 ut
483 701 585 764 iratus
616 720 636 763 a
664 703 743 766 meis
765 713 828 772 stet
850 699 1033 782 partibu⁵“;
1066 701 1128 761 684
1150 690 1308 763 &adnm

204 796 286 885 διιιρ
310 798 478 889 ἐγρηγορὸς
500 798 670 889 φρούρημα
696 800 792 893 (ὑπέρ
815 808 901 893 quod
923 802 983 867 hoo
1005 801 1074 867 loco
1096 800 1164 866 sine
1189 797 1313 863 damno

204 904 314 968 deesse
335 904 440 987 potuit
460 904 547 969 tollit
569 906 729 972 notionem
752 911 903 976 utilitatis
925 913 958 972 et
980 924 1092 982 curae3
1116 901 1308 986 conjungen-

205 1006 286 1071 dum.
312 1011 361 1070 est
389 1027 461 1070 oum
489 1003 682 1092 έχρηχορός).
733 1011 780 1077 De
811 1009 1046 1078 constructione
1074 1004 1137 1069 loci
1163 1004 1197 1068 in
1219 1001 1306 1085 Sept.

205 1111 267 1171 419
301 1106 408 1192 τρέμω
441 1103 470 1171 δ
493 1104 736 1195 αἳματηφόρους
764 1110 883 1201 μόρους
912 1107 996 1195 ὑπὲρ
1018 1102 1122 1196 φίλων
1144 1098 1308 1186 ὀλομένων

206 1202 342 1274 ἰδέσθαι
371 1211 548 1275 sententiae
578 1211 754 1298 discedunt.
807 1214 1026 1282 Blomfieldius
1048 1209 1145 1275 verba
1167 1208 1214 1271 ua
1235 1227 1308 1272 oon·

202 1312 296 1395 jungi
314 1312 426 1395 jussit:
458 1311 566 1398 τρέμω
587 1309 671 1401 ὑπὲρ
693 1313 798 1403 φίλων
820 1312 889 1400 αἳμ.
913 1313 1033 1403 μόρους
1054 1306 1146 1392 δλομ.
1172 1303 1308 1378 ἰδέσθαι

203 1415 224 1477 i.
246 1435 273 1478 s.
305 1434 346 1478 ne
374 1414 508 1480 videam.
566 1416 758 1484 Scholiastes
788 1421 844 1503 qui
872 1421 966 1485 dicit:
1000 1412 1019 1504 ἡ
1049 1409 1134 1498 ὑπέρ
1164 1406 1309 1498 περισσά

204 1516 340 1581 fortasse
369 1518 481 1582 eodem
508 1519 601 1583 modo
631 1524 817 1586 construxit.
872 1522 935 1588 Sed
956 1540 1048 1584 nemo
1070 1537 1134 1581 non
1156 1513 1309 1580 concedet

112 1697 121 1705 ἡ
204 1618 304 1682 talem
325 1619 540 1702 conjungendi
561 1622 721 1687 rationem
742 1623 837 1687 nimis
861 1622 1067 1688 artificiosam
1088 1637 1165 1684 esse.
1218 1616 1307 1682 Idam

205 1720 284 1784 mihi
305 1720 476 1786 dicendum
497 1721 623 1786 videtur
645 1724 685 1788 de
706 1725 885 1790 Hermanni
907 1721 1119 1808 explicatione
1135 1721 1221 1802 (pag.
1231 1721 1307 1797 302)

206 1824 261 1906 qui
289 1823 475 1888 mixtionem
508 1824 645 1889 duarum
675 1828 946 1893 constructionum
979 1823 1102 1891 statuit
1158 1821 1230 1887 Non
1259 1824 1308 1885 est

206 1947 262 1990 cur
272 1946 338 1990 non
348 1927 518 2010 probemus
530 1948 600 1992 eam
613 1929 771 1994 rationem
788 1928 997 1994 connectendi
1013 1946 1110 2010 quam
1121 1921 1308 1989 Schuetzius

201 2028 271 2111 jam
293 2035 419 2093 secutus
441 2035 490 2094 est
512 2036 636 2095 vertens
660 2038 829 2110 „cruentas
843 2039 962 2096 mortes
976 2031 1118 2094 virorum
1141 2047 1199 2110 pro
1224 2024 1308 2091 caris

115 2161 127 2168 ·
205 2131 326 2196 civibus
347 2131 578 2214 pereuntium“‚
608 2134 656 2196 ita
675 2137 713 2196 ut
733 2126 817 2218 ὑπὲρ
839 2127 945 2219 φίλων
966 2131 1105 2217 pendeat
1127 2149 1167 2194 ex
1187 2119 1307 2208 ὀλομέ-

93 2284 111 2312 „
204 2255 276 2297 νων.
322 2232 414 2310 Quod
436 2233 521 2296 enim
543 2255 564 2297 a
585 2235 729 2316 genetivo
750 2237 946 2319 praepositio
961 2234 1120 2319 dependet
1137 2229 1309 2312 conjuncta

205 2356 278 2400 cum
299 2335 444 2418 genetivo
466 2335 547 2400 nihil
568 2336 642 2401 miri
663 2335 776 2414 habet3
800 2335 840 2400 cf.
865 2337 952 2422 Sept.
977 2341 1048 2401 228.
1095 2335 1134 2399 Iu
1150 2332 1228 2398 Cho.
1246 2335 1306 2394 615
1348 2417 1350 2421 Ι

205 2431 255 2501 ἅτ’
277 2433 403 2522 ἐχθρῶν
432 2431 517 2500 ὑπαὶ
546 2431 628 2524 φῶτ’
655 2432 826 2502 dunilense
856 2434 954 2526 φίλον
985 2438 1106 2503 arridet
1134 2433 1309 2520 propositio

205 2541 336 2605 Porsoni
364 2535 492 2625 ἐχθρῶν
521 2534 619 2626 ὅπερ,
654 2561 751 2624 quam
782 2541 876 2605 multi
905 2543 1043 2607 editores
1071 2541 1106 2605 in
1135 2538 1232 2605 verba
1259 2535 1309 2599 iu·

206 2642 381 2720 duxerunt3
404 2641 459 2705 sed
474 2635 567 2705 ‘draca'
590 2644 667 2707 satis
689 2645 829 2727 graviter
844 2643 973 2709 defendi
987 2643 1122 2726 poterit3
1147 2640 1308 2706 offlam.

207 2745 249 2810 ad
270 2767 299 2808 v.
325 2746 385 2807 605
402 2746 439 2824 2).
456 2782 498 2792 --
528 2743 563 2829 b)
585 2745 666 2810 Tum
689 2749 818 2812 omnino
841 2764 939 2811 causa
961 2766 1017 2810 our
1036 2744 1113 2828 quid
1134 2743 1193 2810 fiat
1213 2741 1309 2825 signi·

205 2848 321 2911 fioatnr
342 2867 400 2929 per
420 2840 505 2930 δτιέρ
528 2868 553 2910 ο.
578 2867 648 2930 gen.
675 2869 805 2931 „super‚
828 2855 974 2932 propter,
997 2850 1124 2926 cauea“,
1152 2845 1309 2927 imprimis

206 2950 234 3014 si
258 2949 464 3032 conjunctum
487 2954 535 3013 est
556 2971 628 3013 oum
651 2951 756 3015 verbis
778 2951 931 3035 querendi
948 2953 976 3034 2)
999 2956 1032 3015 et
1052 2947 1222 3031 precandi3
1255 2945 1308 3030 (of.

204 3053 404 3135 Kruegerum
427 3051 451 3115 1.
477 3055 527 3129 68,
550 3056 600 3131 28,
626 3056 667 3132 2).
713 3053 817 3118 Prom.
843 3058 883 3118 66
914 3056 981 3118 σῶν
1008 3046 1092 3137 ὅπερ
1114 3048 1218 3115 στένω
1232 3042 1305 3112 πό-

206 3160 288 3234 inor,-
317 3157 367 3216 67.
414 3152 490 3218 cho.
515 3159 577 3219 508
600 3148 683 3239 ὑπὲρ
707 3159 767 3219 σοῦ
787 3148 893 3221 τοιάδ’
916 3148 983 3220 ἔστ’
1004 3147 1189 3239 δδύρματας
1220 3150 1307 3232 Sept.

208 3259 269 3324 112
298 3254 474 3341 παρθένων
504 3249 625 3320 ἱκέσιον
654 3252 750 3337 λόχον
781 3254 978 3334 δουλοσύνας
1007 3251 1090 3343 dorp
1121 3255 1143 3318 i.
1167 3273 1193 3316 e.
1218 3269 1308 3334 „pra-

206 3360 349 3424 oantium
370 3363 408 3422 ut
429 3359 563 3423 servitus
586 3359 686 3439 absit⁷
715 3382 773 3443 pro
796 3362 948 3426 servitute
971 3355 1229 3424 averruncanda“
1255 3350 1307 3430 (of.
1382 3361 1393 3368 ‘

208 3488 412 3504 W

283 3559 302 3626 1)
338 3559 392 3613 Vix
412 3558 596 3611 necessarium
615 3562 656 3611 est
673 3575 717 3610 me
736 3559 837 3612 addere
856 3557 1007 3612 sexcenties
1032 3555 1128 3609 eodem
1152 3570 1234 3608 sensu
1257 3569 1311 3619 quo

207 3643 278 3717 ὑπέρ
296 3663 319 3699 c.
339 3663 409 3714 gem,
428 3648 512 3698 etiam
531 3646 654 3699 dativum
673 3647 810 3717 commodi
828 3647 902 3715 apud
919 3644 1087 3713 Aeschylum
1107 3643 1173 3711 legi.

278 3733 301 3801 2)
336 3732 372 3787 cf.
387 3751 452 3788 vero
469 3735 545 3788 locos
562 3735 678 3802 multos,
707 3735 806 3802 quibus
831 3735 905 3787 solus
928 3732 1101 3787 accusativus
1125 3729 1231 3798 positus
1260 3728 1309 3792 est,

206 3823 280 3892 apud
297 3821 483 3875 Wollauerum
505 3823 534 3875 in
556 3822 609 3875 lex.
628 3839 649 3875 s.
667 3840 692 3876 v.
711 3824 828 3882 στένειν,
853 3817 1004 3883 στενάζειν,
1027 3812 1185 3884 στενάχειν,
1209 3809 1307 3882 ὀδύρε-

206 3915 291 3970 σθαις
320 3910 355 3962 de
376 3909 428 3978 Ag.
448 3908 497 3962 cu
525 3909 559 3963 of.
578 3908 815 3963 Schneidewinum
841 3909 876 3962 ed
898 3927 923 3963 v.
944 3910 1010 3976 549,
1037 3909 1067 3959 et
1088 3905 1123 3958 de
1146 3903 1237 3958 Prom.
1256 3898 1307 3953 397

157 4045 159 4050 .
207 4001 292 4049 στένω
310 4010 340 4048 σε
357 3999 407 4054 τοῖς
423 3992 572 4068 οὐλομένας
584 3993 668 4065 τύχας
690 3999 818 4065 »propter
830 3999 932 4050 sontem
944 3993 1144 4048 miserandam«
1165 4009 1190 4045 v.
1205 3989 1308 4056 Krueg.

206 4084 241 4138 11.
260 4083 302 4153 ιι,
323 4086 365 4153 21,
385 4085 409 4137 a
