2856 4776
701 395 742 459 83

171 579 268 644 etiam
290 600 374 644 nunc
396 578 563 663 quaeritur
584 599 627 644 an
649 601 711 645 non
735 573 808 656 δίας
829 579 1031 645 scribendum
1053 579 1108 659 sit,
1131 580 1165 644 id
1187 580 1272 664 quod

170 680 247 755 Cho.
272 686 331 746 641
357 681 445 747 nullo
468 688 562 764 pacto
584 682 820 747 concedendum
841 688 899 747 est.

253 783 291 869 b)
320 779 385 848 διαί
406 807 432 846 ο.
458 806 522 847 σου.
549 784 635 866 apud
657 784 741 849 solos
762 788 874 866 poetas
897 784 1049 865 (maxime
1071 783 1104 850 in
1126 784 1271 867 canticis)

168 884 274 970 locum
302 885 460 970 significat
488 907 546 969 per
572 907 667 969 quem
689 906 740 951 res
762 885 996 969 transgreditur
1014 890 1049 968 ¹).
1096 885 1205 971 Suppl.
1233 891 1269 950 15

168 982 299 1073 φεύγειν
321 984 376 1052 διὰ
397 980 470 1070 κῦμ’
493 982 586 1052 ἅλιον
607 987 662 1052 ubi
683 992 846 1070 respectus
868 986 906 1051 fit
926 989 1016 1052 navis
1038 987 1141 1053 undas
1162 1010 1272 1053 secan·

168 1089 225 1169 tis;
248 1090 334 1154 Pers.
353 1095 412 1155 501
439 1093 525 1177 περᾷ
546 1089 820 1176 κρυσταλλοπῆγα
843 1086 898 1155 διδ
919 1085 1024 1175 πόρον
1046 1111 1109 1174 quo
1121 1111 1186 1155 uno
1201 1091 1271 1156 loeo

167 1191 253 1275 apud
274 1191 465 1274 Aeschylum
486 1193 680 1276 praepositio
701 1192 863 1256 invenitur
885 1192 1058 1275 conjuncta
1080 1213 1152 1257 cum
1174 1193 1270 1258 verbo

167 1296 272 1377 περᾶν
285 1285 395 1377 ’σηοω
417 1294 515 1359 octies
536 1294 662 1377 legatur
683 1292 818 1376 simplex
840 1294 1055 1373 accusativus3
1079 1292 1189 1378 Suppl.
1207 1299 1269 1359 868

170 1386 261 1460 όλοιο
291 1388 333 1462 δι’
353 1389 524 1482 ἁλίρρυτον
552 1388 652 1471 δίλσος
682 1395 737 1460 ubi
768 1390 823 1460 διοί
852 1395 996 1460 additum
1027 1397 1123 1461 verbo
1152 1397 1269 1480 quietis

166 1498 324 1582 significat
348 1499 419 1580 „in“
440 1499 485 1582 2);
523 1498 609 1582 Sept.
634 1501 696 1562 856
725 1491 864 1561 πίτυλον
891 1485 928 1574 ὃς
955 1492 1025 1562 αἰὲν
1052 1490 1094 1562 δι’
1108 1490 1270 1583 Ἀχέροντ’

164 1592 335 1683 ἀμείβεται
355 1595 415 1664 τὰν
436 1594 616 1664 ναύστολον
640 1594 787 1684 θεωρίδα
817 1619 899 1683 quae
926 1600 1119 1665 constructio
1145 1601 1270 1665 ranosi-

165 1724 218 1769 ma
240 1708 288 1767 est
309 1708 343 1767 et
363 1702 499 1767 fortasse
529 1701 619 1766 nullo
648 1701 712 1766 alio
741 1700 810 1767 loco
827 1703 856 1782 ³)
884 1721 945 1766 usu
975 1701 1077 1782 venit;
1114 1702 1154 1767 de
1176 1702 1270 1768 tmesi

164 1811 295 1889 propter
317 1809 502 1886 sequentem
524 1804 742 1868 accusativum
766 1798 913 1888 θεωρίδα
935 1803 1068 1885 cogitari
1097 1804 1210 1887 nequit
1225 1807 1268 1886 ⁴);

164 1926 264 1988 quare
294 1905 347 1970 hic
376 1905 464 1970 locus
494 1904 730 1989 comparandus
758 1911 808 1970 ost
837 1924 909 1969 cum
939 1904 1025 1968 Pers.
1057 1908 1134 1984 501,
1172 1927 1268 1988 quem

164 2008 257 2074 modo
279 2007 491 2081 laudavimus.
505 2045 547 2054 -
578 2008 731 2074 Formula
752 2005 924 2072 Homerica
948 2001 1003 2070 διδ
1026 2000 1133 2090 στόμα
1155 2028 1175 2071 a
1194 2028 1269 2091 poe·
1364 2071 1369 2083 ,

163 2110 205 2174 tis
225 2109 352 2192 saepius
375 2089 514 2175 admissa
536 2115 585 2174 est
608 2109 661 2189 (cf.
686 2130 761 2174 vero
782 2107 929 2191 exempla
952 2107 1053 2173 allata
1075 2110 1134 2175 sub
1149 2102 1219 2173 οίπό
1234 2115 1269 2175 et

163 2209 228 2295 ἐν);
261 2213 295 2276 in
318 2211 403 2295 Sept.
429 2215 467 2276 51
499 2202 608 2288 οἶκτος
638 2203 667 2275 δ’
689 2203 778 2289 odric
799 2200 838 2297 ἦν
860 2205 916 2275 διὰ
939 2206 1046 2292 στόμα
1053 2238 1064 2291 ‚·
1097 2216 1158 2275 579
1182 2208 1269 2294 λέγει

162 2311 198 2378 δὲ
219 2307 306 2378 τοῦτ’
328 2308 411 2390 ἔπος
432 2309 487 2378 διὰ
510 2308 633 2394 στόμα,·
666 2316 729 2379 493
760 2315 878 2400 Τυφῶν
910 2307 999 2378 ἱέντα
1022 2309 1192 2398 πύρπνοον
1214 2308 1270 2377 διὰ

162 2412 268 2497 στόμα
297 2412 405 2499 λιγνὺν
431 2414 586 2497 μέλαιναν
615 2415 697 2480 nihil
725 2414 907 2480 offensionis
937 2416 1021 2481 inest
1049 2416 1126 2498 quia
1155 2436 1267 2480 revera

162 2517 326 2603 querelae,
349 2517 461 2598 verba,
484 2518 591 2584 fumus
613 2538 670 2601 per
692 2539 727 2583 os
748 2517 1035 2602 transgrediuntur.
1127 2564 1130 2570 -

244 2621 378 2704 Propria
407 2640 482 2685 vero
510 2620 557 2683 vis
584 2619 828 2703 praepositionis
858 2614 913 2683 διοί
935 2641 961 2685 ο.
987 2640 1051 2684 aco.
1075 2619 1266 2702 conjunctae

161 2743 200 2786 ea
222 2727 270 2786 est
298 2728 335 2787 ut
357 2721 514 2807 significet
535 2742 663 2787 causam
688 2719 889 2787 efficientem:
926 2725 1108 2804 „propter“.
1159 2722 1265 2787 Prom.

165 2827 224 2889 123
247 2817 288 2890 δι’
310 2817 495 2906 ἀπεχθείας
517 2818 661 2904 ἐλθόντα
683 2820 739 2888 διὰ
760 2818 818 2909 τὴν
840 2816 913 2887 λίαν
935 2817 1097 2909 φιλότητα
1116 2826 1265 2910 deoroir,⁸

162 2926 219 3007 Ag.
237 2932 298 2991 699
321 2925 494 3004 κέλσαντες
515 2921 558 2992 δι’
573 2921 641 3012 ἔριν
661 2919 883 3007 αἱματόεσσαν
907 2926 1121 3010 „appulerunt
1134 2931 1266 3011 propter

163 3074 366 3086 ——-—.-...-—

233 3171 253 3241 ¹)
289 3173 342 3229 Vix
361 3173 509 3229 discrimen
527 3173 710 3244 investigetur
727 3176 800 3228 inter
817 3189 879 3244 gen.
899 3177 927 3227 et
945 3176 1143 3231 accusativum.

231 3261 254 3329 2)
290 3261 436 3328 Quaeritur
459 3264 552 3315 tamen
575 3278 611 3315 an
635 3280 689 3317 non
714 3262 805 3332 aptius
829 3263 867 3316 sit
894 3263 962 3318 haec
989 3263 1074 3318 verba
1099 3264 1265 3336 conjungere

161 3365 223 3404 cum
242 3348 276 3402 iis
294 3366 364 3418 quae
383 3352 535 3419 sequuntur
552 3351 585 3401 ut
602 3347 777 3417 dependeant
795 3367 811 3402 a
829 3351 913 3404 verbo
935 3348 1054 3409 ἀλαθεία,

231 3436 254 3503 ³)
290 3437 414 3504 Namque
434 3436 462 3488 in
481 3436 545 3490 Cho.
567 3438 634 3490 1018
657 3430 731 3496 οὔτις
752 3432 885 3508 μερόπων
903 3435 984 3504 ἀσινῆ
1001 3442 1096 3506 βίοτον
1115 3421 1163 3489 δεδι
1180 3436 1263 3493 πάντ’

160 3518 257 3593 ἄτιμος
275 3520 422 3592 ἀμείψεται
439 3522 497 3576 sinc
516 3523 599 3579 dubio
617 3523 665 3576 διὰ
679 3520 783 3583 παντός
799 3526 953 3580 rectissime
965 3527 1124 3579 restitutum
1137 3529 1180 3579 est
1192 3527 1264 3595 quod

159 3610 253 3663 trahas
278 3610 312 3664 ad
338 3626 452 3678 sequens
477 3609 643 3679 adjectivum
667 3607 811 3682 (εὔθυμος,
838 3608 957 3673 ἄλυπος,
982 3609 1087 3677 citime,
1113 3608 1264 3683 diuporill

164 3715 298 3766 »prorsum
319 3696 445 3750 omnibus
462 3698 588 3765 partibus
605 3698 704 3766 selim
724 3715 788 3751 narn
807 3701 900 3762 βίοτον
913 3700 1035 3768 epitheto
1048 3718 1103 3754 nou
1113 3701 1196 3755 modo
1208 3719 1263 3754 uon

160 3788 235 3854 eget,
265 3785 314 3838 sed
338 3801 374 3837 ne
397 3783 502 3852 patitur
526 3785 637 3852 quidem
661 3785 775 3838 alteram
794 3786 986 3855 adjectionem.
1023 3788 1112 3855 Quare
1130 3788 1262 3840 Herman-

160 3891 225 3926 num
248 3888 353 3926 errasse
372 3871 527 3940 putaverim
546 3872 584 3941 (et
600 3873 817 3928 Heimsoathium
836 3891 862 3942 p.
876 3874 929 3941 63).

231 3960 253 4026 l)
289 3959 483 4029 διαμείβεσθαι
507 3978 530 4014 ο.
555 3976 612 4015 acc.
639 3961 746 4016 duobus
773 3961 841 4015 locis
868 3961 970 4029 legitur
996 3964 1070 4032 apud
1092 3962 1260 4034 Aeschylum

160 4060 240 4100 seusu
263 4047 405 4117 »transire²
425 4063 598 4118 peragrare«.
634 4048 728 4119 Suppl.
748 4049 812 4118 5433
832 4046 866 4104 fr.
885 4049 944 4102 166.
