2856 4776
691 395 731 458 u

159 585 212 644 tur
239 573 444 661 κατάγεσθαι
472 577 574 662 (Sept.
601 581 671 656 647,
703 579 780 657 66ος
813 577 868 660 Ag.
895 580 1005 658 1607);
1043 575 1263 662 κατέρχεσθαι

160 681 262 764 (Sept.
287 684 366 759 9923
397 678 455 761 Ag.
482 683 577 757 16473
611 678 689 742 Che.
714 683 748 757 3;
778 679 870 744 Eum.
895 682 988 761 462);
1018 679 1164 743 κατιέναι
1187 681 1259 762 (Ag.

164 785 273 864 1283);
309 776 557 860 κατοικίζεσθαι
580 781 686 859 (Eum.
711 784 771 844 755
795 775 890 863 γαίας
911 777 1067 867 πατρῴας
1088 780 1261 868 ἐστερημέ-
1344 857 1348 862 ,

162 905 217 946 νον
239 879 279 946 σύ
301 905 355 951 ται
373 878 559 967 κατῴσισάς
580 887 633 963 με)
654 885 690 963 ¹).
721 934 723 939 .
758 882 844 950 ¹tiam
873 882 907 947 id
933 903 974 946 ex
995 883 1188 948 Graecorum
1211 905 1263 948 eo-

161 987 285 1068 gitandi
312 992 361 1051 est
380 986 505 1050 ratione
530 985 569 1049 de
591 984 822 1068 pugnatoribus
845 985 956 1067 quiin
980 1006 1111 1050 arenam
1134 987 1261 1050 descen-

161 1088 241 1151 dunt
269 1087 374 1152 dicere
404 1082 564 1172 καθήκειν
594 1091 776 1166 „certamen
805 1086 907 1150 inire“
935 1085 1014 1150 Cho.
1038 1093 1099 1151 455
1131 1087 1185 1168 (of.
1208 1087 1261 1152 So.

160 1188 273 1254 Traoh.
297 1192 389 1272 504);
427 1196 461 1254 et
490 1187 748 1271 quandoquidem
777 1192 900 1253 veteres
929 1186 1138 1253 libentissime
1166 1211 1263 1254 naves

161 1296 289 1373 portum
327 1312 366 1355 ex
402 1291 469 1355 allo
506 1295 651 1374 petentes
686 1290 917 1371 nuncupabant
952 1289 1276 1373 κατακομιζομένας,

161 1393 258 1456 etiam
288 1392 461 1475 Aeschylus
488 1390 678 1475 perpulchre
708 1391 812 1457 Prom.
844 1396 904 1455 965
942 1388 976 1468 ἐς
1010 1389 1107 1470 solede
1142 1394 1261 1459 σαυτὸν

161 1489 312 1578 πημονὰς
344 1490 560 1578 καθαρμισας
593 1493 818 1558 Prometheum
851 1495 997 1558 nominat
1027 1497 1196 1580 appulsum
1229 1499 1263 1561 in

160 1601 288 1678 portum
311 1617 537 1661 aerumnarum
553 1597 599 1676 2);
622 1595 662 1658 cf.
684 1593 724 1657 ir.
743 1598 804 1662 282
827 1591 864 1659 τὸ
889 1589 918 1658 d'
939 1590 1005 1661 ὠκὺ
1027 1603 1124 1663 τοῦτο
1147 1596 1204 1663 καὶ
1224 1595 1263 1663 τὸ

160 1695 324 1784 λαιψηρὸν
345 1701 469 1784 φρενῶν
484 1690 532 1772 εἰς
546 1693 697 1781 πημονὰς
718 1700 846 1783 καθῆκε
867 1695 979 1762 πολλὰ
1000 1696 1040 1785 δὴ
1062 1698 1210 1787 βροτούς.Ι
1222 1738 1262 1757 η.-

246 1801 337 1865 Trita
365 1806 414 1868 est
442 1801 539 1865 etiam
569 1800 616 1864 vis
646 1800 891 1881 praepositionis
912 1801 944 1864 in
969 1801 1130 1866 vocabulis
1150 1803 1264 1885 quales

162 1907 237 1965 sunt
257 1902 438 1985 καταγελᾶν
460 1900 644 1981 „deridere“
668 1901 724 1982 Ag.
753 1904 848 1981 12713
871 1899 1056 1985 καταγέλως
1082 1908 1179 1983 1264;
1202 1926 1262 1968 κα*

162 1999 337 2084 τεύχεσθαι
352 2007 381 2085 3)
404 2002 629 2086 ,,ἰιαρεεααε1“;
668 1997 832 2085 κάτεσγμα
853 2003 1097 2089 „imprecatio‘fi3
1135 2007 1167 2070 in
1190 2007 1263 2072 aliis

162 2106 281 2186 verbis,
306 2127 441 2189 quorum
464 2103 622 2188 simplicia
641 2103 710 2185 jam
733 2105 896 2169 notionem
919 2106 1116 2188 depravandi
1138 2115 1171 2172 et
1193 2130 1263 2193 per·

163 2208 260 2272 dendi
282 2209 416 2287 habent,
444 2201 527 2270 κατά
550 2206 633 2268 hanc
655 2206 719 2268 rim
742 2204 847 2285 effert,
871 2209 962 2272 utin
985 2205 1124 2295 κατάρα,
1147 2233 1262 2275 καται-

164 2304 296 2390 σχύνειν,
320 2305 555 2395 κατάμαμρνσςς
576 2307 648 2371 aliis
669 2307 825 2390 imprimit
845 2310 909 2373 vim
932 2311 984 2389 „in
1008 2311 1170 2394 damnum,
1193 2335 1264 2396 per·

165 2413 309 2491 niciem“,
332 2418 369 2476 ut
384 2413 417 2477 in
431 2406 532 2496 μόραν
546 2403 787 2495 καταρράκταν
802 2413 932 2474 Πενθεῖ
953 2413 1045 2476 Eum.
1071 2417 1111 2477 26
1135 2434 1263 2493 „necem

163 2513 352 2578 machinans
374 2515 405 2577 in
429 2513 601 2596 perniciem
624 2511 793 2591 Penthei“;
831 2512 865 2575 in
894 2513 966 2577 aliis
987 2513 1080 2579 effert
1102 2502 1263 2581 notionem

162 2621 378 2699 contemptus,
401 2617 492 2680 utin
514 2609 745 2690 κατάπτυστος
767 2614 845 2679 Cho.
871 2619 947 2695 6323
985 2615 1077 2680 Eum.
1100 2621 1158 2696 66,
1178 2638 1263 2701 quae

164 2717 410 2799 significationes
433 2738 542 2783 omnes
563 2717 751 2801 prodierunt
772 2737 811 2780 ex
835 2737 873 2780 ea
895 2717 925 2780 ri
941 2720 1185 2801 praepositionis
1200 2741 1265 2804 qua

164 2820 314 2884 describit
335 2819 537 2908 efficientiam
558 2819 708 2883 infestam
727 2823 762 2882 ot
783 2818 981 2885 damnosam.

249 2921 371 2986 Deinde
400 2923 511 3005 ingens
526 2923 555 3004 4)
583 2926 632 2985 est
659 2941 810 2985 numerus
832 2941 941 2985 eorum
964 2924 1210 3006 compositorum
1231 2925 1265 2991 in

165 3022 279 3105 quibus
308 3020 392 3086 κατά
421 3029 518 3109 auget
544 3024 706 3087 notionem
735 3023 896 3106 simplicis.
940 3023 1011 3101 Quo
1034 3031 1141 3090 autem
1164 3028 1266 3116 magis
1337 3053 1340 3060 ·

165 3131 320 3208 appareat
342 3128 499 3208 quomodo
521 3126 563 3190 sit
584 3123 732 3189 effectum
757 3130 794 3187 ut
815 3124 895 3189 haec
917 3125 964 3189 vis
988 3127 1147 3193 exstiterit
1173 3151 1265 3214 prae·

164 3228 338 3310 positionis,
360 3230 542 3293 exeundum
564 3232 613 3292 est
636 3226 676 3291 ab
699 3226 856 3310 ejusmodi
877 3227 990 3308 verbis,
1013 3228 1047 3293 in
1069 3229 1184 3312 quibus
1205 3253 1265 3295 κα-

164 3324 205 3390 τά
227 3335 393 3414 tamquam
411 3330 563 3396 effectum
585 3329 736 3421 describit
758 3329 921 3414 simplicis.
964 3330 1018 3395 Ita
1045 3328 1266 3419 κατασφάξειν

169 3473 372 3482 Μ*

237 3538 258 3606 ¹)
294 3539 329 3592 cf.
347 3541 423 3594 Pors.
442 3544 477 3596 ad
494 3543 560 3597 Eur.
578 3544 651 3598 Med.
673 3545 755 3613 10113
776 3543 875 3599 Elmsl.
894 3546 930 3600 ad
947 3544 1020 3602 Med.
1039 3548 1099 3601 983.

235 3627 257 3695 2)
293 3628 390 3696 Aliter,
409 3630 457 3681 sed
474 3630 565 3683 minus
581 3636 657 3685 reete
669 3631 761 3685 Herm.
772 3632 908 3701 judicavit
920 3636 955 3688 ad
968 3654 993 3690 v.
1006 3637 1066 3704 969,
1086 3635 1133 3704 qui
1151 3637 1266 3690 verbum

165 3715 293 3768 mutavit.

234 3803 257 3869 3)
293 3801 346 3855 Sed
363 3802 440 3855 utin
458 3806 616 3858 universnm
635 3807 709 3875 apud
726 3807 856 3877 Graecos,
880 3808 920 3861 sic
939 3811 1012 3878 apud
1029 3811 1196 3878 Aeschylum
1214 3811 1266 3865 hoc

164 3892 279 3944 verbum
296 3890 385 3958 magis
403 3891 492 3944 utitur
509 3892 710 3962 significatione
730 3897 878 3964 »precari«.

235 3978 257 4047 4)
292 3979 334 4031 De
352 3995 453 4048 magna
470 3980 568 4033 horum
584 3983 731 4035 verborum
751 3983 843 4053 copia,
867 3984 940 4037 inter
958 4000 1028 4054 quae
1045 4001 1100 4039 non
1119 4001 1208 4053 pauca
1225 3985 1266 4038 in-

164 4066 312 4120 veniuntur
330 4061 378 4117 ἅτε.
399 4069 472 4137 Aepy.
510 4067 545 4122 cf.
563 4069 736 4123 Dindorfium
755 4071 783 4124 in
801 4071 899 4127 Philol.
920 4073 960 4139 15,
980 4075 1041 4128 490.
