2856 4776
685 373 703 431 5
808 382 810 386 ,

142 554 339 638 significatus
368 556 639 638 praepositionum
667 555 783 620 finibus
811 557 889 619 satis
916 557 1013 620 arctis
1036 561 1242 635 coerceretur,

142 662 178 720 ut
200 662 314 741 poetae
338 657 380 720 ad
401 661 522 720 certam
544 658 763 723 necessitatem
787 656 912 740 alligati
934 664 1047 734 essent,
1069 657 1102 720 in
1124 657 1174 721 his
1194 678 1242 720 re-

141 758 201 822 bus
223 758 406 840 saepissime
427 759 523 842 plane
546 780 621 824 suae
643 765 738 823 erant
759 760 928 844 potestatis
950 764 987 822 ut
1008 759 1152 823 omnibus
1172 781 1243 841 pos-

143 865 214 924 sent
236 860 370 943 probare
392 867 547 943 quantum
569 862 667 928 etiam
691 865 758 924 tam
781 861 888 944 parvis
910 861 1004 925 rebus
1025 866 1131 943 posset
1152 860 1241 924 effici.

143 961 192 1024 Ex
226 962 340 1044 quibus
367 963 466 1046 igitur
493 968 560 1027 tam
590 963 700 1027 multis
723 962 963 1046 quaestionibus
986 962 1157 1026 nonnullas
1178 983 1244 1024 una

142 1064 287 1129 tractabo
310 1086 382 1129 cum
403 1066 675 1149 praepositionum
699 1062 983 1146 significationibus
1005 1064 1242 1141 constituendis

142 1165 222 1230 alias
245 1186 296 1230 me
318 1169 494 1250 posteriore
518 1167 657 1251 quodam
671 1171 814 1248 tempore
830 1165 1053 1230 absoluturum
1068 1186 1135 1230 esse
1152 1184 1243 1248 spero

141 1274 238 1350 atque
260 1267 394 1333 confido·
1331 1350 1333 1355 ι

229 1369 349 1446 Quodsi
381 1369 441 1433 boc
469 1369 578 1434 libello
605 1368 842 1452 aliquant-ulum
870 1369 1033 1434 contulero
1064 1369 1105 1433 ad
1126 1368 1244 1432 intelli-

144 1472 280 1554 gendum
303 1492 453 1554 magnum
469 1470 555 1536 hunc
569 1477 706 1556 poetam,
730 1472 820 1554 cujus
836 1471 1017 1554 tragoediae
1034 1471 1144 1554 quales
1159 1493 1244 1535 nunc

143 1577 271 1636 exstant
292 1573 440 1638 maximis
462 1574 631 1639 verborum
654 1573 894 1638 difficultatibus
915 1573 1079 1653 laborant3
1117 1574 1142 1636 si
1172 1573 1244 1641 aliis

142 1675 196 1756 qui
227 1675 256 1738 ei
286 1694 416 1757 operam
445 1676 611 1741 novabunt
641 1681 673 1738 et
700 1675 892 1739 industriam
921 1675 1101 1758 paullulum
1129 1676 1161 1737 in
1185 1675 1244 1738 hoc

141 1777 246 1840 studio
269 1776 401 1841 subsidii
424 1778 691 1860 suppeditavere,
728 1797 878 1860 magnum
907 1778 954 1840 rei
975 1776 1114 1841 fructum
1137 1797 1243 1859 perce

142 1877 225 1958 pisse
247 1876 385 1940 videbor.

246 2538 273 2614 Ι.
329 2537 377 2612 lle
402 2531 722 2636 praepositionibus
748 2556 837 2633 quaa
860 2554 938 2608 cum
965 2553 1034 2605 uno
1060 2552 1142 2604 casu

556 2662 825 2762 conjunguntur.

518 2931 561 2999 Α.
615 2951 687 2997 rum·
712 2933 869 3017 petrellae.

626 3159 755 3219 ANTI.

230 3327 255 3384 l.
302 3324 352 3385 De
365 3323 496 3406 format
539 3315 757 3400 Anastrophes
783 3321 820 3380 ut
847 3322 959 3380 notum
981 3322 1029 3381 est
1052 3316 1129 3382 haec
1150 3339 1241 3402 prae-

141 3424 256 3508 positio
279 3429 374 3502 caret,
398 3424 475 3507 quia
495 3421 568 3505 plus
591 3421 670 3484 duas
691 3418 790 3483 habet
810 3439 916 3483 moras
940 3417 991 3502 (cf.
1015 3418 1154 3484 Ellendt.
1178 3420 1239 3484 lex.

142 3527 166 3590 I.
189 3549 220 3611 p.
249 3532 323 3603 1713
361 3524 516 3608 Kruegeri
545 3545 590 3606 gr.
615 3545 659 3606 gr.
685 3523 709 3584 l.
742 3527 770 3600 9,
798 3526 845 3599 ll,
868 3522 903 3603 3)
922 3521 964 3604 ¹);
1010 3542 1106 3604 quam
1139 3522 1240 3606 legem

141 3629 345 3693 Hermannus
367 3628 399 3690 in
422 3647 505 3690 cens
522 3624 605 3690 Med.
624 3623 734 3688 Elmsl.
752 3645 780 3686 v.
801 3627 880 3686 1143
899 3622 1017 3686 'falsam
1038 3644 1106 3686 esse
1121 3623 1241 3688 frustra
1285 3684 1288 3689 .

136 3730 315 3814 judicarit,
352 3728 386 3792 id
414 3727 498 3809 quod
527 3728 594 3809 ipse
621 3731 732 3809 postea
758 3723 953 3789 intellexisse
980 3725 1114 3789 videtur.
1159 3725 1240 3789 Utut

211 3936 232 4002 ¹)
250 3935 349 3991 ,Falsa
371 3933 457 4002 igitur
481 3933 680 3987 Schneidewini
703 3933 840 4001 scriptura
863 3934 891 3986 in
915 3934 1074 4002 conjectura
1098 3952 1153 3987 non
1177 3952 1240 4002 pro·

137 4025 230 4079 banda
247 4024 298 4091 Ag.
320 4023 369 4074 136
389 4022 450 4091 (144
468 4021 561 4089 Dind.)
579 4016 681 4072 τούτων
698 4015 765 4072 ἄντι.
